Row ID,Order ID,Order Date,Ship Date,Ship Mode,Customer ID,Customer Name,Segment,Country,City,State,Postal Code,Region,Product ID,Category,Sub-Category,Product Name,Sales,Quantity,Discount,Profit,is_processed
9894,US-2017-115441,7/25/2017 0:00,7/28/2017 0:00,Second Class,SH-19975,Sally Hughsby,Corporate,United States,Milwaukee,Wisconsin,53209,Central,FUR-CH-10004626,Furniture,Chairs,Office Star Flex Back Scooter Chair with Aluminum Finish Frame,403.56,4,0.0,96.8544,False
6928,CA-2017-140382,6/23/2017 0:00,6/25/2017 0:00,Second Class,RD-19900,Ruben Dartt,Consumer,United States,San Francisco,California,94109,West,OFF-ST-10003638,Office Supplies,Storage,Mobile Personal File Cube,93.68,4,0.0,25.2936,False
3192,CA-2018-123981,10/2/2018 0:00,10/8/2018 0:00,Standard Class,RW-19630,Rob Williams,Corporate,United States,New York City,New York,10035,East,TEC-PH-10002115,Technology,Phones,Plantronics 81402,65.99,1,0.0,17.1574,False
649,CA-2017-160745,12/11/2017 0:00,12/16/2017 0:00,Second Class,AR-10825,Anthony Rawles,Corporate,United States,Vancouver,Washington,98661,West,FUR-FU-10001935,Furniture,Furnishings,3M Hangers With Command Adhesive,14.8,4,0.0,6.068,False
6386,US-2018-104661,1/15/2018 0:00,1/18/2018 0:00,First Class,TB-21250,Tim Brockman,Consumer,United States,Austin,Texas,78745,Central,TEC-AC-10002331,Technology,Accessories,"Maxell 74 Minute CDR, 10/Pack",62.592,8,0.2,13.3008,False
2596,CA-2018-149048,5/13/2018 0:00,5/17/2018 0:00,Standard Class,BM-11650,Brian Moss,Corporate,United States,Columbus,Indiana,47201,Central,OFF-BI-10004632,Office Supplies,Binders,Ibico Hi-Tech Manual Binding System,914.97,3,0.0,411.7365,False
4893,CA-2017-135776,12/23/2017 0:00,12/30/2017 0:00,Standard Class,EH-13765,Edward Hooks,Corporate,United States,Seattle,Washington,98103,West,OFF-AR-10001231,Office Supplies,Art,"Sanford EarthWrite Recycled Pencils, Medium Soft, #2",4.2,2,0.0,1.176,False
6407,CA-2018-154074,8/31/2018 0:00,9/2/2018 0:00,Second Class,BW-11110,Bart Watters,Corporate,United States,Spokane,Washington,99207,West,OFF-ST-10002370,Office Supplies,Storage,"Sortfiler Multipurpose Personal File Organizer, Black",149.73,7,0.0,43.4217,False
4103,US-2018-102288,6/19/2018 0:00,6/23/2018 0:00,Standard Class,ZC-21910,Zuschuss Carroll,Consumer,United States,Houston,Texas,77095,Central,OFF-PA-10000740,Office Supplies,Paper,Xerox 1982,146.176,8,0.2,47.5072,False
285,CA-2016-130883,9/26/2016 0:00,10/2/2016 0:00,Standard Class,TB-21520,Tracy Blumstein,Consumer,United States,Portland,Oregon,97206,West,TEC-AC-10001956,Technology,Accessories,Microsoft Arc Touch Mouse,239.8,5,0.2,47.96,False
3173,US-2017-133879,3/21/2017 0:00,3/28/2017 0:00,Standard Class,KT-16465,Kean Takahito,Consumer,United States,Chicago,Illinois,60623,Central,FUR-CH-10000665,Furniture,Chairs,"Global Airflow Leather Mesh Back Chair, Black",528.43,5,0.3,0.0,False
7905,CA-2016-126669,11/7/2016 0:00,11/13/2016 0:00,Standard Class,DO-13645,Doug O'Connell,Consumer,United States,Houston,Texas,77036,Central,OFF-PA-10001357,Office Supplies,Paper,Xerox 1886,76.64,2,0.2,26.824,False
4738,CA-2016-155054,6/13/2016 0:00,6/19/2016 0:00,Standard Class,PS-19045,Penelope Sewall,Home Office,United States,Lewiston,Maine,4240,East,TEC-AC-10003657,Technology,Accessories,Lenovo 17-Key USB Numeric Keypad,67.98,2,0.0,14.9556,False
1236,CA-2017-144344,10/28/2017 0:00,10/28/2017 0:00,Same Day,PG-18820,Patrick Gardner,Consumer,United States,Boynton Beach,Florida,33437,South,OFF-BI-10003719,Office Supplies,Binders,Large Capacity Hanging Post Binders,37.425,5,0.7,-29.94,False
4601,CA-2016-146948,7/16/2016 0:00,7/20/2016 0:00,Standard Class,MG-17890,Michael Granlund,Home Office,United States,Baltimore,Maryland,21215,East,OFF-EN-10000483,Office Supplies,Envelopes,"White Envelopes, White Envelopes with Clear Poly Window",137.25,9,0.0,63.135,False
2201,US-2015-165659,6/1/2015 0:00,6/6/2015 0:00,Standard Class,LT-17110,Liz Thompson,Consumer,United States,Little Rock,Arkansas,72209,South,FUR-FU-10001935,Furniture,Furnishings,3M Hangers With Command Adhesive,22.2,6,0.0,9.102,False
2409,CA-2018-144589,1/20/2018 0:00,1/25/2018 0:00,Standard Class,TM-21010,Tamara Manning,Consumer,United States,San Francisco,California,94122,West,TEC-PH-10003072,Technology,Phones,Panasonic KX-TG9541B DECT 6.0 Digital 2-Line Expandable Cordless Phone With Digital Answering System,359.976,3,0.2,130.4913,False
9350,CA-2017-114860,12/22/2017 0:00,12/28/2017 0:00,Standard Class,DN-13690,Duane Noonan,Consumer,United States,Moreno Valley,California,92553,West,FUR-FU-10001934,Furniture,Furnishings,Magnifier Swing Arm Lamp,41.96,2,0.0,10.9096,False
3887,CA-2017-167759,3/3/2017 0:00,3/8/2017 0:00,Second Class,CC-12670,Craig Carreira,Consumer,United States,Bloomington,Indiana,47401,Central,TEC-PH-10003171,Technology,Phones,Plantronics Encore H101 Dual Earpieces Headset,134.85,3,0.0,37.758,False
648,CA-2017-103947,4/1/2017 0:00,4/8/2017 0:00,Standard Class,BB-10990,Barry Blumstein,Corporate,United States,Sierra Vista,Arizona,85635,West,OFF-AP-10002350,Office Supplies,Appliances,Belkin F9H710-06 7 Outlet SurgeMaster Surge Protector,30.144,2,0.2,3.0144,False
7762,CA-2018-123071,12/3/2018 0:00,12/6/2018 0:00,First Class,CC-12550,Clay Cheatham,Consumer,United States,Plano,Texas,75023,Central,OFF-PA-10003729,Office Supplies,Paper,Xerox 1998,10.368,2,0.2,3.6288,False
6150,CA-2018-101322,12/28/2018 0:00,12/31/2018 0:00,First Class,JG-15310,Jason Gross,Corporate,United States,Long Beach,California,90805,West,FUR-CH-10003968,Furniture,Chairs,Novimex Turbo Task Chair,340.704,6,0.2,-34.0704,False
5376,CA-2018-134152,5/27/2018 0:00,5/31/2018 0:00,Standard Class,RP-19855,Roy Phan,Corporate,United States,Seattle,Washington,98103,West,TEC-AC-10004510,Technology,Accessories,Logitech Desktop MK120 Mouse and keyboard Combo,98.16,6,0.0,9.816,False
7096,CA-2017-101980,8/19/2017 0:00,8/20/2017 0:00,First Class,RP-19390,Resi Pölking,Consumer,United States,New York City,New York,10009,East,OFF-BI-10000666,Office Supplies,Binders,Surelock Post Binders,146.688,6,0.2,55.008,False
1462,US-2017-128902,3/11/2017 0:00,3/15/2017 0:00,Standard Class,MB-18085,Mick Brown,Consumer,United States,Vineland,New Jersey,8360,East,FUR-TA-10001095,Furniture,Tables,Chromcraft Round Conference Tables,244.006,2,0.3,-31.3722,False
6813,CA-2018-156237,9/14/2018 0:00,9/15/2018 0:00,First Class,PS-18760,Pamela Stobb,Consumer,United States,Philadelphia,Pennsylvania,19140,East,OFF-BI-10003707,Office Supplies,Binders,Aluminum Screw Posts,18.312,4,0.7,-12.208,False
5982,CA-2015-117765,9/7/2015 0:00,9/13/2015 0:00,Standard Class,RB-19465,Rick Bensley,Home Office,United States,Tulsa,Oklahoma,74133,Central,OFF-ST-10003327,Office Supplies,Storage,Akro-Mils 12-Gallon Tote,19.86,2,0.0,5.7594,False
4340,CA-2018-133501,8/27/2018 0:00,9/1/2018 0:00,Standard Class,DK-12895,Dana Kaydos,Consumer,United States,Franklin,Tennessee,37064,South,OFF-PA-10004888,Office Supplies,Paper,Xerox 217,5.184,1,0.2,1.8144,False
2912,CA-2015-113929,6/16/2015 0:00,6/21/2015 0:00,Standard Class,CK-12205,Chloris Kastensmidt,Consumer,United States,Hempstead,New York,11550,East,OFF-EN-10003286,Office Supplies,Envelopes,Staple envelope,41.4,5,0.0,19.458,False
6772,CA-2018-139402,12/9/2018 0:00,12/13/2018 0:00,Standard Class,NC-18535,Nick Crebassa,Corporate,United States,Phoenix,Arizona,85023,West,OFF-BI-10000279,Office Supplies,Binders,"Acco Recycled 2"" Capacity Laser Printer Hanging Data Binders",13.005,3,0.7,-9.9705,False
1360,US-2015-151925,9/26/2015 0:00,10/1/2015 0:00,Second Class,KT-16465,Kean Takahito,Consumer,United States,Los Angeles,California,90049,West,FUR-CH-10002961,Furniture,Chairs,"Leather Task Chair, Black",145.568,2,0.2,0.0,False
7053,CA-2017-165330,12/11/2017 0:00,12/11/2017 0:00,Same Day,WB-21850,William Brown,Consumer,United States,Anaheim,California,92804,West,OFF-PA-10000241,Office Supplies,Paper,"IBM Multi-Purpose Copy Paper, 8 1/2 x 11"", Case",30.98,1,0.0,13.941,False
415,CA-2018-142636,11/3/2018 0:00,11/7/2018 0:00,Standard Class,KC-16675,Kimberly Carter,Corporate,United States,Seattle,Washington,98105,West,OFF-PA-10000157,Office Supplies,Paper,Xerox 191,139.86,7,0.0,65.7342,False
9392,CA-2018-162474,3/13/2018 0:00,3/16/2018 0:00,First Class,FH-14275,Frank Hawley,Corporate,United States,Aurora,Illinois,60505,Central,TEC-PH-10004700,Technology,Phones,PowerGen Dual USB Car Charger,7.992,1,0.2,2.5974,False
5625,CA-2017-121748,10/24/2017 0:00,10/28/2017 0:00,Second Class,VW-21775,Victoria Wilson,Corporate,United States,Los Angeles,California,90032,West,TEC-AC-10002637,Technology,Accessories,Logitech VX Revolution Cordless Laser Mouse for Notebooks (Black),359.98,2,0.0,21.5988,False
2269,CA-2018-105480,12/20/2018 0:00,12/26/2018 0:00,Standard Class,DK-13225,Dean Katz,Corporate,United States,Rochester,New York,14609,East,OFF-PA-10002787,Office Supplies,Paper,Xerox 227,6.48,1,0.0,3.1104,False
8357,CA-2017-163174,8/26/2017 0:00,8/30/2017 0:00,Standard Class,XP-21865,Xylona Preis,Consumer,United States,Athens,Georgia,30605,South,FUR-FU-10000308,Furniture,Furnishings,Deflect-o Glass Clear Studded Chair Mats,186.54,3,0.0,41.0388,False
4711,CA-2018-138149,6/29/2018 0:00,6/30/2018 0:00,First Class,WB-21850,William Brown,Consumer,United States,Los Angeles,California,90049,West,TEC-AC-10001284,Technology,Accessories,Enermax Briskie RF Wireless Keyboard and Mouse Combo,62.31,3,0.0,22.4316,False
8171,CA-2018-107174,11/6/2018 0:00,11/13/2018 0:00,Standard Class,AB-10060,Adam Bellavance,Home Office,United States,Seattle,Washington,98105,West,TEC-AC-10001465,Technology,Accessories,SanDisk Cruzer 64 GB USB Flash Drive,108.96,3,0.0,32.688,False
5633,CA-2015-127614,2/11/2015 0:00,2/15/2015 0:00,Standard Class,NF-18385,Natalie Fritzler,Consumer,United States,Chesapeake,Virginia,23320,South,OFF-BI-10003291,Office Supplies,Binders,Wilson Jones Leather-Like Binders with DublLock Round Rings,17.46,2,0.0,8.2062,False
5407,US-2017-143280,2/22/2017 0:00,2/26/2017 0:00,Standard Class,TZ-21580,Tracy Zic,Consumer,United States,Los Angeles,California,90045,West,OFF-FA-10000992,Office Supplies,Fasteners,"Acco Clips to Go Binder Clips, 24 Clips in Two Sizes",10.65,3,0.0,5.0055,False
3444,CA-2018-168858,11/19/2018 0:00,11/23/2018 0:00,Standard Class,JD-16150,Justin Deggeller,Corporate,United States,New York City,New York,10011,East,OFF-AP-10003849,Office Supplies,Appliances,Hoover Shoulder Vac Commercial Portable Vacuum,2504.74,7,0.0,626.185,False
9031,CA-2018-128041,9/1/2018 0:00,9/1/2018 0:00,Same Day,RW-19540,Rick Wilson,Corporate,United States,Seattle,Washington,98103,West,OFF-AP-10001005,Office Supplies,Appliances,Honeywell Quietcare HEPA Air Cleaner,314.6,4,0.0,103.818,False
9009,CA-2018-107825,11/18/2018 0:00,11/18/2018 0:00,Same Day,NB-18655,Nona Balk,Corporate,United States,Milwaukee,Wisconsin,53209,Central,FUR-FU-10000206,Furniture,Furnishings,"GE General Purpose, Extra Long Life, Showcase & Floodlight Incandescent Bulbs",5.82,2,0.0,2.7354,False
125,US-2015-152030,12/26/2015 0:00,12/28/2015 0:00,Second Class,AD-10180,Alan Dominguez,Home Office,United States,Houston,Texas,77041,Central,FUR-CH-10004063,Furniture,Chairs,Global Deluxe High-Back Manager's Chair,600.558,3,0.3,-8.5794,False
9427,CA-2017-160479,9/15/2017 0:00,9/20/2017 0:00,Standard Class,AH-10585,Angele Hood,Consumer,United States,Seattle,Washington,98105,West,OFF-AR-10002445,Office Supplies,Art,SANFORD Major Accent Highlighters,35.4,5,0.0,13.452,False
3897,CA-2018-134285,12/7/2018 0:00,12/12/2018 0:00,Standard Class,DS-13180,David Smith,Corporate,United States,San Antonio,Texas,78207,Central,OFF-FA-10000611,Office Supplies,Fasteners,Binder Clips by OIC,3.552,3,0.2,1.2432,False
3131,CA-2015-136399,12/16/2015 0:00,12/17/2015 0:00,First Class,CC-12100,Chad Cunningham,Home Office,United States,Los Angeles,California,90049,West,TEC-AC-10001142,Technology,Accessories,First Data FD10 PIN Pad,395.0,5,0.0,39.5,False
1471,CA-2018-139199,12/9/2018 0:00,12/13/2018 0:00,Standard Class,DK-12835,Damala Kotsonis,Corporate,United States,Detroit,Michigan,48234,Central,OFF-PA-10001293,Office Supplies,Paper,Xerox 1946,12.96,2,0.0,6.2208,False
1220,US-2018-118087,9/9/2018 0:00,9/13/2018 0:00,Standard Class,SP-20620,Stefania Perrino,Corporate,United States,Philadelphia,Pennsylvania,19134,East,TEC-PH-10002200,Technology,Phones,Samsung Galaxy Note 2,1931.958,7,0.4,-386.3916,False
6630,CA-2016-125696,10/2/2016 0:00,10/6/2016 0:00,Standard Class,NP-18685,Nora Pelletier,Home Office,United States,Wilson,North Carolina,27893,South,OFF-BI-10001757,Office Supplies,Binders,Pressboard Hanging Data Binders for Unburst Sheets,7.38,5,0.7,-5.412,False
2802,US-2016-110163,11/1/2016 0:00,11/4/2016 0:00,First Class,GA-14725,Guy Armstrong,Consumer,United States,Salem,Oregon,97301,West,OFF-AR-10001683,Office Supplies,Art,Lumber Crayons,7.88,1,0.2,1.773,False
615,CA-2018-138611,11/14/2018 0:00,11/17/2018 0:00,Second Class,CK-12595,Clytie Kelty,Consumer,United States,Grove City,Ohio,43123,East,TEC-PH-10000011,Technology,Phones,PureGear Roll-On Screen Protector,119.94,10,0.4,15.992,False
2670,US-2016-139759,8/25/2016 0:00,8/30/2016 0:00,Standard Class,NL-18310,Nancy Lomonaco,Home Office,United States,Los Angeles,California,90045,West,OFF-AP-10002765,Office Supplies,Appliances,Fellowes Advanced Computer Series Surge Protectors,105.96,4,0.0,29.6688,False
7639,CA-2018-104885,3/2/2018 0:00,3/8/2018 0:00,Standard Class,DB-13555,Dorothy Badders,Corporate,United States,Newark,Delaware,19711,East,OFF-EN-10003286,Office Supplies,Envelopes,Staple envelope,57.96,7,0.0,27.2412,False
2872,CA-2015-148040,3/22/2015 0:00,3/26/2015 0:00,Standard Class,BF-11275,Beth Fritzler,Corporate,United States,Tucson,Arizona,85705,West,FUR-CH-10001482,Furniture,Chairs,Office Star - Mesh Screen back chair with Vinyl seat,314.352,3,0.2,-35.3646,False
8609,CA-2015-151946,6/4/2015 0:00,6/9/2015 0:00,Standard Class,BT-11440,Bobby Trafton,Consumer,United States,New York City,New York,10035,East,OFF-AP-10001626,Office Supplies,Appliances,"Commercial WindTunnel Clean Air Upright Vacuum, Replacement Belts, Filtration Bags",15.56,4,0.0,4.0456,False
6104,CA-2018-100111,9/20/2018 0:00,9/26/2018 0:00,Standard Class,SV-20365,Seth Vernon,Consumer,United States,New York City,New York,10035,East,TEC-AC-10001998,Technology,Accessories,Logitech LS21 Speaker System - PC Multimedia - 2.1-CH - Wired,59.97,3,0.0,20.3898,False
7239,CA-2017-101651,12/24/2017 0:00,12/30/2017 0:00,Standard Class,SC-20305,Sean Christensen,Consumer,United States,San Jose,California,95123,West,FUR-FU-10000771,Furniture,Furnishings,"Eldon 200 Class Desk Accessories, Smoke",43.96,7,0.0,18.4632,False
6265,US-2017-115952,10/6/2017 0:00,10/6/2017 0:00,Same Day,JH-15910,Jonathan Howell,Consumer,United States,Tulsa,Oklahoma,74133,Central,OFF-BI-10004654,Office Supplies,Binders,Avery Binding System Hidden Tab Executive Style Index Sets,28.85,5,0.0,14.425,False
536,CA-2017-126613,7/10/2017 0:00,7/16/2017 0:00,Standard Class,AA-10375,Allen Armold,Consumer,United States,Mesa,Arizona,85204,West,OFF-ST-10001325,Office Supplies,Storage,Sterilite Officeware Hinged File Box,16.768,2,0.2,1.4672,False
9737,US-2016-100069,6/29/2016 0:00,7/3/2016 0:00,Standard Class,NF-18475,Neil Französisch,Home Office,United States,Omaha,Nebraska,68104,Central,TEC-PH-10004667,Technology,Phones,Cisco 8x8 Inc. 6753i IP Business Phone System,269.98,2,0.0,72.8946,False
3322,CA-2015-134551,12/20/2015 0:00,12/25/2015 0:00,Standard Class,TS-21505,Tony Sayre,Consumer,United States,Columbia,Tennessee,38401,South,OFF-PA-10002689,Office Supplies,Paper,Weyerhaeuser First Choice Laser/Copy Paper (20Lb. and 88 Bright),25.92,5,0.2,9.072,False
7611,CA-2015-133354,2/22/2015 0:00,2/24/2015 0:00,First Class,SA-20830,Sue Ann Reed,Consumer,United States,Moreno Valley,California,92553,West,OFF-PA-10001800,Office Supplies,Paper,Xerox 220,19.44,3,0.0,9.3312,False
8738,CA-2018-161592,4/6/2018 0:00,4/10/2018 0:00,Standard Class,CS-12175,Charles Sheldon,Corporate,United States,Chattanooga,Tennessee,37421,South,OFF-BI-10003669,Office Supplies,Binders,3M Organizer Strips,8.1,5,0.7,-5.94,False
3060,CA-2018-131492,10/19/2018 0:00,10/24/2018 0:00,Second Class,HH-15010,Hilary Holden,Corporate,United States,San Francisco,California,94110,West,FUR-TA-10003837,Furniture,Tables,Anderson Hickey Conga Table Tops & Accessories,24.368,2,0.2,-3.3506,False
2665,CA-2017-164784,5/1/2017 0:00,5/4/2017 0:00,First Class,HF-14995,Herbert Flentye,Consumer,United States,Memphis,Tennessee,38109,South,FUR-TA-10004534,Furniture,Tables,Bevis 44 x 96 Conference Tables,370.62,3,0.4,-142.071,False
1637,CA-2015-168984,11/26/2015 0:00,12/2/2015 0:00,Standard Class,NW-18400,Natalie Webber,Consumer,United States,Tigard,Oregon,97224,West,OFF-ST-10001097,Office Supplies,Storage,Office Impressions Heavy Duty Welded Shelving & Multimedia Storage Drawers,669.08,5,0.2,-167.27,False
3590,CA-2018-146535,11/24/2018 0:00,11/30/2018 0:00,Standard Class,FM-14290,Frank Merwin,Home Office,United States,Richmond,Kentucky,40475,South,OFF-BI-10000546,Office Supplies,Binders,Avery Durable Binders,2.88,1,0.0,1.4112,False
7083,CA-2017-106950,9/2/2017 0:00,9/6/2017 0:00,Standard Class,JE-15715,Joe Elijah,Consumer,United States,Charlotte,North Carolina,28205,South,OFF-BI-10003166,Office Supplies,Binders,GBC Plasticlear Binding Covers,17.22,5,0.7,-12.628,False
5540,US-2018-150595,5/22/2018 0:00,5/26/2018 0:00,Standard Class,LE-16810,Laurel Elliston,Consumer,United States,Chicago,Illinois,60653,Central,FUR-CH-10000513,Furniture,Chairs,High-Back Leather Manager's Chair,181.986,2,0.3,-54.5958,False
245,CA-2015-131926,6/1/2015 0:00,6/6/2015 0:00,Second Class,DW-13480,Dianna Wilson,Home Office,United States,Lakeville,Minnesota,55044,Central,FUR-CH-10004063,Furniture,Chairs,Global Deluxe High-Back Manager's Chair,2001.86,7,0.0,580.5394,False
3104,CA-2017-124562,12/8/2017 0:00,12/12/2017 0:00,Standard Class,JP-16135,Julie Prescott,Home Office,United States,Columbus,Ohio,43229,East,OFF-BI-10001267,Office Supplies,Binders,"Universal Recycled Hanging Pressboard Report Binders, Letter Size",12.957,7,0.7,-9.5018,False
289,CA-2017-112697,12/18/2017 0:00,12/20/2017 0:00,Second Class,AH-10195,Alan Haines,Corporate,United States,Tamarac,Florida,33319,South,OFF-SU-10000646,Office Supplies,Supplies,Premier Automatic Letter Opener,961.48,5,0.2,-204.3145,False
5599,CA-2018-151176,2/13/2018 0:00,2/20/2018 0:00,Standard Class,SV-20785,Stewart Visinsky,Consumer,United States,Baltimore,Maryland,21215,East,OFF-AR-10000614,Office Supplies,Art,Barrel Sharpener,10.71,3,0.0,2.7846,False
2927,CA-2018-128629,7/10/2018 0:00,7/14/2018 0:00,Second Class,BP-11155,Becky Pak,Consumer,United States,Columbus,Georgia,31907,South,FUR-FU-10000771,Furniture,Furnishings,"Eldon 200 Class Desk Accessories, Smoke",18.84,3,0.0,7.9128,False
9235,CA-2017-126732,9/2/2017 0:00,9/6/2017 0:00,Standard Class,LR-16915,Lena Radford,Consumer,United States,Los Angeles,California,90036,West,TEC-PH-10001530,Technology,Phones,Cisco Unified IP Phone 7945G VoIP phone,1091.168,4,0.2,68.198,False
4051,CA-2018-136350,6/24/2018 0:00,6/26/2018 0:00,Second Class,GA-14515,George Ashbrook,Consumer,United States,New York City,New York,10011,East,FUR-CH-10001891,Furniture,Chairs,Global Deluxe Office Fabric Chairs,172.764,2,0.1,32.6332,False
4958,CA-2016-127607,3/20/2016 0:00,3/26/2016 0:00,Standard Class,JK-15730,Joe Kamberova,Consumer,United States,Carrollton,Texas,75007,Central,OFF-BI-10001308,Office Supplies,Binders,GBC Standard Plastic Binding Systems' Combs,2.512,2,0.8,-4.396,False
6062,CA-2016-134201,4/10/2016 0:00,4/16/2016 0:00,Standard Class,EH-14125,Eugene Hildebrand,Home Office,United States,Rochester,New York,14609,East,OFF-AR-10002804,Office Supplies,Art,Faber Castell Col-Erase Pencils,14.67,3,0.0,6.0147,False
8494,CA-2016-109190,10/23/2016 0:00,10/28/2016 0:00,Standard Class,CC-12685,Craig Carroll,Consumer,United States,Lubbock,Texas,79424,Central,TEC-CO-10001943,Technology,Copiers,Canon PC-428 Personal Copier,479.976,3,0.2,161.9919,False
7377,US-2018-145597,11/2/2018 0:00,11/5/2018 0:00,First Class,GG-14650,Greg Guthrie,Corporate,United States,Bloomington,Illinois,61701,Central,OFF-AR-10001958,Office Supplies,Art,Stanley Bostitch Contemporary Electric Pencil Sharpeners,54.336,4,0.2,5.4336,False
7824,US-2015-115413,8/26/2015 0:00,9/1/2015 0:00,Standard Class,PP-18955,Paul Prost,Home Office,United States,Newark,Delaware,19711,East,TEC-AC-10002800,Technology,Accessories,Plantronics Audio 478 Stereo USB Headset,149.97,3,0.0,52.4895,False
2129,CA-2016-134859,10/4/2016 0:00,10/9/2016 0:00,Standard Class,JK-16120,Julie Kriz,Home Office,United States,Philadelphia,Pennsylvania,19134,East,OFF-PA-10001293,Office Supplies,Paper,Xerox 1946,20.736,4,0.2,7.2576,False
6273,CA-2018-149706,12/11/2018 0:00,12/12/2018 0:00,First Class,AS-10285,Alejandro Savely,Corporate,United States,Palatine,Illinois,60067,Central,TEC-AC-10001284,Technology,Accessories,Enermax Briskie RF Wireless Keyboard and Mouse Combo,116.312,7,0.2,23.2624,False
5249,US-2018-110989,11/3/2018 0:00,11/5/2018 0:00,Second Class,EJ-14155,Eva Jacobs,Consumer,United States,Seattle,Washington,98105,West,TEC-AC-10002345,Technology,Accessories,HP Standard 104 key PS/2 Keyboard,43.5,3,0.0,10.875,False
5180,US-2016-120502,4/13/2016 0:00,4/19/2016 0:00,Standard Class,BT-11395,Bill Tyler,Corporate,United States,Los Angeles,California,90036,West,TEC-PH-10003645,Technology,Phones,Aastra 57i VoIP phone,258.576,2,0.2,19.3932,False
3907,CA-2016-167010,4/5/2016 0:00,4/10/2016 0:00,Standard Class,VT-21700,Valerie Takahito,Home Office,United States,Philadelphia,Pennsylvania,19143,East,FUR-FU-10001468,Furniture,Furnishings,Tenex Antistatic Computer Chair Mats,547.136,4,0.2,-68.392,False
4074,US-2016-164308,9/24/2016 0:00,9/27/2016 0:00,First Class,SC-20680,Steve Carroll,Home Office,United States,Broken Arrow,Oklahoma,74012,Central,TEC-PH-10004120,Technology,Phones,AT&T 1080 Phone,821.94,6,0.0,213.7044,False
6578,CA-2016-153752,12/6/2016 0:00,12/11/2016 0:00,Second Class,RO-19780,Rose O'Brian,Consumer,United States,Arlington,Virginia,22204,South,TEC-PH-10001615,Technology,Phones,AT&T CL82213,173.94,6,0.0,50.4426,False
298,CA-2015-111451,12/26/2015 0:00,12/28/2015 0:00,First Class,KL-16555,Kelly Lampkin,Corporate,United States,Colorado Springs,Colorado,80906,West,OFF-FA-10004854,Office Supplies,Fasteners,"Vinyl Coated Wire Paper Clips in Organizer Box, 800/Box",27.552,3,0.2,9.2988,False
762,CA-2018-126046,11/3/2018 0:00,11/7/2018 0:00,Standard Class,JC-16105,Julie Creighton,Corporate,United States,Atlanta,Georgia,30318,South,OFF-LA-10004484,Office Supplies,Labels,Avery 476,12.39,3,0.0,5.6994,False
2740,CA-2018-122707,4/16/2018 0:00,4/18/2018 0:00,First Class,EB-13750,Edward Becker,Corporate,United States,Hoover,Alabama,35244,South,OFF-SU-10000157,Office Supplies,Supplies,Compact Automatic Electric Letter Opener,477.24,4,0.0,9.5448,False
1195,US-2016-130519,9/15/2016 0:00,9/15/2016 0:00,Same Day,NG-18355,Nat Gilpin,Corporate,United States,Coral Springs,Florida,33065,South,FUR-FU-10002268,Furniture,Furnishings,Ultra Door Push Plate,15.712,4,0.2,2.5532,False
906,CA-2017-130477,4/8/2017 0:00,4/12/2017 0:00,Standard Class,LC-17140,Logan Currie,Consumer,United States,Los Angeles,California,90032,West,OFF-PA-10000019,Office Supplies,Paper,Xerox 1931,12.96,2,0.0,6.2208,False
4629,CA-2017-101336,11/13/2017 0:00,11/18/2017 0:00,Standard Class,CK-12760,Cyma Kinney,Corporate,United States,New York City,New York,10011,East,OFF-AR-10003582,Office Supplies,Art,"Boston Electric Pencil Sharpener, Model 1818, Charcoal Black",140.75,5,0.0,39.41,False
4936,CA-2016-155124,3/15/2016 0:00,3/21/2016 0:00,Standard Class,KS-16300,Karen Seio,Corporate,United States,Lehi,Utah,84043,West,TEC-PH-10003356,Technology,Phones,"SmartStand Mobile Device Holder, Assorted Colors",16.776,3,0.2,1.6776,False
249,CA-2015-131926,6/1/2015 0:00,6/6/2015 0:00,Second Class,DW-13480,Dianna Wilson,Home Office,United States,Lakeville,Minnesota,55044,Central,OFF-PA-10000061,Office Supplies,Paper,Xerox 205,25.92,4,0.0,12.4416,False
5074,CA-2016-145485,11/5/2016 0:00,11/5/2016 0:00,Same Day,JM-16195,Justin MacKendrick,Consumer,United States,San Francisco,California,94109,West,OFF-ST-10000649,Office Supplies,Storage,Hanging Personal Folder File,62.8,4,0.0,15.7,False
8269,CA-2018-121790,1/30/2018 0:00,2/6/2018 0:00,Standard Class,LP-17095,Liz Preis,Consumer,United States,Aurora,Illinois,60505,Central,OFF-SU-10004231,Office Supplies,Supplies,Acme Tagit Stainless Steel Antibacterial Scissors,31.68,4,0.2,2.772,False
1714,US-2018-124968,9/8/2018 0:00,9/13/2018 0:00,Second Class,MM-18055,Michelle Moray,Consumer,United States,Chicago,Illinois,60610,Central,FUR-TA-10004289,Furniture,Tables,BoxOffice By Design Rectangular and Half-Moon Meeting Room Tables,765.625,7,0.5,-566.5625,False
3328,CA-2015-165309,11/11/2015 0:00,11/15/2015 0:00,Standard Class,KD-16270,Karen Daniels,Consumer,United States,Houston,Texas,77095,Central,OFF-PA-10003724,Office Supplies,Paper,"Wirebound Message Book, 4 per Page",21.72,5,0.2,7.8735,False
9605,CA-2016-138625,11/2/2016 0:00,11/5/2016 0:00,First Class,EG-13900,Emily Grady,Consumer,United States,Chesapeake,Virginia,23320,South,OFF-AP-10003099,Office Supplies,Appliances,"Eureka Hand Vacuum, Bagless",197.72,4,0.0,55.3616,False
2031,CA-2016-117961,11/26/2016 0:00,11/30/2016 0:00,Standard Class,GP-14740,Guy Phonely,Corporate,United States,Leominster,Massachusetts,1453,East,OFF-BI-10003707,Office Supplies,Binders,Aluminum Screw Posts,61.04,4,0.0,30.52,False
4332,CA-2018-107909,9/1/2018 0:00,9/6/2018 0:00,Standard Class,SS-20875,Sung Shariari,Consumer,United States,Redmond,Washington,98052,West,TEC-AC-10001998,Technology,Accessories,Logitech LS21 Speaker System - PC Multimedia - 2.1-CH - Wired,19.99,1,0.0,6.7966,False
454,CA-2018-147277,10/20/2018 0:00,10/24/2018 0:00,Standard Class,EB-13705,Ed Braxton,Corporate,United States,Akron,Ohio,44312,East,FUR-TA-10001539,Furniture,Tables,Chromcraft Rectangular Conference Tables,284.364,2,0.4,-75.8304,False
7604,CA-2017-152520,7/8/2017 0:00,7/12/2017 0:00,Standard Class,TH-21115,Thea Hudgings,Corporate,United States,Providence,Rhode Island,2908,East,OFF-PA-10000289,Office Supplies,Paper,Xerox 213,12.96,2,0.0,6.2208,False
1115,CA-2018-140585,12/18/2018 0:00,12/23/2018 0:00,Second Class,RA-19915,Russell Applegate,Consumer,United States,Encinitas,California,92024,West,FUR-BO-10002206,Furniture,Bookcases,"Bush Saratoga Collection 5-Shelf Bookcase, Hanover Cherry, *Special Order",119.833,1,0.15,-12.6882,False
8620,CA-2018-132437,9/8/2018 0:00,9/13/2018 0:00,Second Class,EM-14095,Eudokia Martin,Corporate,United States,New York City,New York,10024,East,OFF-ST-10001031,Office Supplies,Storage,Adjustable Personal File Tote,65.12,4,0.0,16.9312,False
8145,CA-2017-100993,2/5/2017 0:00,2/10/2017 0:00,Standard Class,AZ-10750,Annie Zypern,Consumer,United States,San Diego,California,92037,West,TEC-PH-10001448,Technology,Phones,Anker Astro 15000mAh USB Portable Charger,159.968,4,0.2,-31.9936,False
5662,CA-2017-108875,9/24/2017 0:00,10/1/2017 0:00,Standard Class,CL-12700,Craig Leslie,Home Office,United States,Aurora,Colorado,80013,West,FUR-FU-10002671,Furniture,Furnishings,Electrix 20W Halogen Replacement Bulb for Zoom-In Desk Lamp,21.44,2,0.2,7.504,False
8100,CA-2017-169663,3/10/2017 0:00,3/13/2017 0:00,First Class,RH-19510,Rick Huthwaite,Home Office,United States,Los Angeles,California,90045,West,TEC-AC-10003038,Technology,Accessories,Kingston Digital DataTraveler 16GB USB 2.0,26.85,3,0.0,5.1015,False
2070,CA-2016-133452,4/13/2016 0:00,4/19/2016 0:00,Standard Class,ZC-21910,Zuschuss Carroll,Consumer,United States,Pomona,California,91767,West,FUR-TA-10003954,Furniture,Tables,Hon 94000 Series Round Tables,710.832,3,0.2,-97.7394,False
7533,CA-2017-107146,6/17/2017 0:00,6/19/2017 0:00,First Class,LC-16885,Lena Creighton,Consumer,United States,Longmont,Colorado,80501,West,FUR-CH-10004853,Furniture,Chairs,"Global Manager's Adjustable Task Chair, Storm",483.136,4,0.2,54.3528,False
9585,CA-2018-132584,8/26/2018 0:00,8/27/2018 0:00,First Class,HJ-14875,Heather Jas,Home Office,United States,Detroit,Michigan,48234,Central,OFF-ST-10000344,Office Supplies,Storage,"Neat Ideas Personal Hanging Folder Files, Black",53.72,4,0.0,13.9672,False
5075,CA-2018-151071,4/25/2018 0:00,4/29/2018 0:00,Second Class,MB-18085,Mick Brown,Consumer,United States,Los Angeles,California,90049,West,OFF-BI-10002103,Office Supplies,Binders,"Cardinal Slant-D Ring Binder, Heavy Gauge Vinyl",13.904,2,0.2,4.5188,False
6898,CA-2018-122028,8/18/2018 0:00,8/25/2018 0:00,Standard Class,CK-12205,Chloris Kastensmidt,Consumer,United States,Lakewood,Ohio,44107,East,OFF-BI-10004817,Office Supplies,Binders,GBC Personal VeloBind Strips,10.782,3,0.7,-7.9068,False
6363,CA-2018-110443,11/21/2018 0:00,11/25/2018 0:00,Standard Class,CK-12205,Chloris Kastensmidt,Consumer,United States,Renton,Washington,98059,West,OFF-BI-10001670,Office Supplies,Binders,Vinyl Sectional Post Binders,150.8,5,0.2,56.55,False
1958,CA-2018-157987,9/2/2018 0:00,9/6/2018 0:00,Standard Class,AC-10615,Ann Chong,Corporate,United States,New York City,New York,10009,East,OFF-PA-10003893,Office Supplies,Paper,Xerox 1962,17.12,4,0.0,7.704,False
5849,CA-2016-121783,11/10/2016 0:00,11/14/2016 0:00,Standard Class,PO-19180,Philisse Overcash,Home Office,United States,Roseville,Minnesota,55113,Central,OFF-AP-10003849,Office Supplies,Appliances,Hoover Shoulder Vac Commercial Portable Vacuum,715.64,2,0.0,178.91,False
4409,CA-2017-100041,11/20/2017 0:00,11/25/2017 0:00,Standard Class,BF-10975,Barbara Fisher,Corporate,United States,Columbus,Indiana,47201,Central,OFF-BI-10000343,Office Supplies,Binders,"Pressboard Covers with Storage Hooks, 9 1/2"" x 11"", Light Blue",4.91,1,0.0,2.3077,False
3226,CA-2015-108189,10/2/2015 0:00,10/5/2015 0:00,First Class,ES-14080,Erin Smith,Corporate,United States,Tempe,Arizona,85281,West,OFF-EN-10004846,Office Supplies,Envelopes,Letter or Legal Size Expandable Poly String Tie Envelopes,12.768,6,0.2,4.6284,False
2190,CA-2018-143063,8/10/2018 0:00,8/15/2018 0:00,Standard Class,IL-15100,Ivan Liston,Consumer,United States,Columbus,Indiana,47201,Central,TEC-PH-10003645,Technology,Phones,Aastra 57i VoIP phone,1454.49,9,0.0,378.1674,False
4946,CA-2017-151372,9/5/2017 0:00,9/6/2017 0:00,First Class,JH-15985,Joseph Holt,Consumer,United States,Redondo Beach,California,90278,West,OFF-BI-10000050,Office Supplies,Binders,"Angle-D Binders with Locking Rings, Label Holders",11.68,2,0.2,3.942,False
1298,CA-2018-115427,12/30/2018 0:00,1/3/2019 0:00,Standard Class,EB-13975,Erica Bern,Corporate,United States,Fairfield,California,94533,West,OFF-BI-10004632,Office Supplies,Binders,GBC Binding covers,20.72,2,0.2,6.475,False
7691,US-2018-128951,7/15/2018 0:00,7/17/2018 0:00,First Class,RS-19420,Ricardo Sperren,Corporate,United States,Suffolk,Virginia,23434,South,FUR-TA-10004575,Furniture,Tables,Hon 5100 Series Wood Tables,872.94,3,0.0,157.1292,False
5703,US-2015-123519,12/14/2015 0:00,12/21/2015 0:00,Standard Class,SS-20875,Sung Shariari,Consumer,United States,Marion,Ohio,43302,East,OFF-AR-10003829,Office Supplies,Art,Newell 35,2.624,1,0.2,0.2952,False
4669,US-2018-133200,5/6/2018 0:00,5/11/2018 0:00,Standard Class,DB-13555,Dorothy Badders,Corporate,United States,Fort Worth,Texas,76106,Central,OFF-BI-10002827,Office Supplies,Binders,Avery Durable Poly Binders,11.06,10,0.8,-18.802,False
1852,CA-2016-160472,7/20/2016 0:00,7/25/2016 0:00,Second Class,RK-19300,Ralph Kennedy,Consumer,United States,South Bend,Indiana,46614,Central,OFF-PA-10000528,Office Supplies,Paper,Xerox 1981,26.4,5,0.0,11.88,False
6229,CA-2017-148208,1/22/2017 0:00,1/27/2017 0:00,Standard Class,BT-11530,Bradley Talbott,Home Office,United States,Cleveland,Ohio,44105,East,TEC-PH-10004093,Technology,Phones,Panasonic Kx-TS550,110.376,4,0.4,-20.2356,False
1737,CA-2018-101483,7/29/2018 0:00,8/1/2018 0:00,Second Class,AG-10675,Anna Gayman,Consumer,United States,Jacksonville,North Carolina,28540,South,OFF-AR-10002833,Office Supplies,Art,Newell 322,4.368,3,0.2,0.3822,False
275,CA-2018-118136,9/16/2018 0:00,9/17/2018 0:00,First Class,BB-10990,Barry Blumstein,Corporate,United States,Inglewood,California,90301,West,OFF-PA-10002615,Office Supplies,Paper,"Ampad Gold Fibre Wirebound Steno Books, 6"" x 9"", Gregg Ruled",8.82,2,0.0,4.0572,False
866,CA-2015-149020,1/10/2015 0:00,1/15/2015 0:00,Standard Class,AJ-10780,Anthony Jacobs,Corporate,United States,Springfield,Virginia,22153,South,OFF-LA-10004272,Office Supplies,Labels,Avery 482,2.89,1,0.0,1.3583,False
6867,US-2017-126452,8/21/2017 0:00,8/28/2017 0:00,Standard Class,SC-20230,Scot Coram,Corporate,United States,Los Angeles,California,90004,West,TEC-AC-10000844,Technology,Accessories,Logitech Gaming G510s - Keyboard,254.97,3,0.0,91.7892,False
7031,CA-2017-145548,11/11/2017 0:00,11/16/2017 0:00,Standard Class,EB-13750,Edward Becker,Corporate,United States,New York City,New York,10011,East,TEC-AC-10002305,Technology,Accessories,KeyTronic E03601U1 - Keyboard - Beige,36.0,2,0.0,6.48,False
8701,CA-2018-119284,6/15/2018 0:00,6/20/2018 0:00,Standard Class,TS-21205,Thomas Seio,Corporate,United States,Nashville,Tennessee,37211,South,OFF-AP-10004249,Office Supplies,Appliances,Staple holder,76.608,8,0.2,6.7032,False
5354,US-2017-101616,9/3/2017 0:00,9/6/2017 0:00,First Class,CY-12745,Craig Yedwab,Corporate,United States,Monroe,Louisiana,71203,South,OFF-BI-10000014,Office Supplies,Binders,Heavy-Duty E-Z-D Binders,87.28,8,0.0,41.0216,False
1038,CA-2016-127418,6/13/2016 0:00,6/14/2016 0:00,First Class,JJ-15445,Jennifer Jackson,Consumer,United States,Los Angeles,California,90004,West,OFF-BI-10003707,Office Supplies,Binders,Aluminum Screw Posts,36.624,3,0.2,13.734,False
6539,CA-2016-109862,10/25/2016 0:00,10/30/2016 0:00,Standard Class,HK-14890,Heather Kirkland,Corporate,United States,Newark,Delaware,19711,East,TEC-PH-10004042,Technology,Phones,ClearOne Communications CHAT 70 OC Speaker Phone,158.99,1,0.0,41.3374,False
6576,CA-2018-123085,3/3/2018 0:00,3/8/2018 0:00,Standard Class,EJ-13720,Ed Jacobs,Consumer,United States,Los Angeles,California,90008,West,TEC-AC-10000990,Technology,Accessories,Imation Bio 2GB USB Flash Drive Imation Corp,1049.44,8,0.0,440.7648,False
3805,CA-2017-156503,10/14/2017 0:00,10/20/2017 0:00,Standard Class,NC-18415,Nathan Cano,Consumer,United States,Jacksonville,North Carolina,28540,South,OFF-EN-10001335,Office Supplies,Envelopes,"White Business Envelopes with Contemporary Seam, Recycled White Business Envelopes",35.008,4,0.2,13.128,False
4628,CA-2017-101336,11/13/2017 0:00,11/18/2017 0:00,Standard Class,CK-12760,Cyma Kinney,Corporate,United States,New York City,New York,10011,East,OFF-ST-10000876,Office Supplies,Storage,Eldon Simplefile Box Office,24.88,2,0.0,6.9664,False
5856,CA-2016-112214,8/5/2016 0:00,8/11/2016 0:00,Standard Class,AH-10690,Anna Häberlin,Corporate,United States,Dallas,Texas,75220,Central,OFF-SU-10003567,Office Supplies,Supplies,Stiletto Hand Letter Openers,23.04,3,0.2,-4.896,False
8354,CA-2018-132199,5/3/2018 0:00,5/8/2018 0:00,Standard Class,BO-11350,Bill Overfelt,Corporate,United States,Philadelphia,Pennsylvania,19134,East,FUR-TA-10003748,Furniture,Tables,Bevis 36 x 72 Conference Tables,373.47,5,0.4,-112.041,False
8851,CA-2016-140718,7/2/2016 0:00,7/4/2016 0:00,First Class,FA-14230,Frank Atkinson,Corporate,United States,Raleigh,North Carolina,27604,South,OFF-BI-10004728,Office Supplies,Binders,Wilson Jones Turn Tabs Binder Tool for Ring Binders,2.892,2,0.7,-2.3136,False
7004,CA-2015-133158,8/19/2015 0:00,8/21/2015 0:00,Second Class,DW-13195,David Wiener,Corporate,United States,Los Angeles,California,90045,West,OFF-BI-10000632,Office Supplies,Binders,Satellite Sectional Post Binders,69.456,2,0.2,22.5732,False
3382,US-2018-162208,8/27/2018 0:00,8/30/2018 0:00,First Class,SP-20620,Stefania Perrino,Corporate,United States,Tampa,Florida,33614,South,OFF-EN-10004030,Office Supplies,Envelopes,Convenience Packs of Business Envelopes,2.896,1,0.2,0.9774,False
2028,CA-2017-113516,9/8/2017 0:00,9/10/2017 0:00,Second Class,VM-21685,Valerie Mitchum,Home Office,United States,Lancaster,California,93534,West,OFF-BI-10001989,Office Supplies,Binders,Premium Transparent Presentation Covers by GBC,67.136,4,0.2,23.4976,False
7945,CA-2018-134194,12/25/2018 0:00,1/1/2019 0:00,Standard Class,GA-14725,Guy Armstrong,Consumer,United States,Dallas,Texas,75081,Central,OFF-AR-10001615,Office Supplies,Art,Newell 34,31.744,2,0.2,2.3808,False
1014,US-2016-126214,12/21/2016 0:00,12/24/2016 0:00,Second Class,JS-15880,John Stevenson,Consumer,United States,Seattle,Washington,98103,West,FUR-TA-10003748,Furniture,Tables,Bevis 36 x 72 Conference Tables,1618.37,13,0.0,356.0414,False
8482,CA-2017-138583,5/24/2017 0:00,5/28/2017 0:00,Standard Class,DP-13390,Dennis Pardue,Home Office,United States,Philadelphia,Pennsylvania,19120,East,OFF-AR-10001860,Office Supplies,Art,BIC Liqua Brite Liner,16.656,3,0.2,3.3312,False
1680,CA-2015-122882,9/7/2015 0:00,9/13/2015 0:00,Standard Class,SB-20290,Sean Braxton,Corporate,United States,Philadelphia,Pennsylvania,19134,East,TEC-PH-10003589,Technology,Phones,invisibleSHIELD by ZAGG Smudge-Free Screen Protector,32.382,3,0.4,4.3176,False
5888,CA-2018-151596,10/8/2018 0:00,10/11/2018 0:00,First Class,BP-11050,Barry Pond,Corporate,United States,Cranston,Rhode Island,2920,East,OFF-ST-10001837,Office Supplies,Storage,"SAFCO Mobile Desk Side File, Wire Frame",42.76,1,0.0,11.1176,False
3555,CA-2015-120838,3/23/2015 0:00,3/26/2015 0:00,Second Class,PO-18865,Patrick O'Donnell,Consumer,United States,Los Angeles,California,90036,West,OFF-ST-10000585,Office Supplies,Storage,Economy Rollaway Files,330.4,2,0.0,85.904,False
1314,US-2017-134488,9/24/2017 0:00,10/1/2017 0:00,Standard Class,PK-19075,Pete Kriz,Consumer,United States,Columbus,Ohio,43229,East,FUR-CH-10003199,Furniture,Chairs,Office Star - Contemporary Task Swivel Chair,155.372,2,0.3,-13.3176,False
2319,CA-2018-122035,7/20/2018 0:00,7/25/2018 0:00,Standard Class,EM-13825,Elizabeth Moffitt,Corporate,United States,Sioux Falls,South Dakota,57103,Central,TEC-AC-10003095,Technology,Accessories,Logitech G35 7.1-Channel Surround Sound Headset,389.97,3,0.0,132.5898,False
4472,CA-2018-121300,9/29/2018 0:00,9/29/2018 0:00,Same Day,MG-17680,Maureen Gastineau,Home Office,United States,Mentor,Ohio,44060,East,FUR-CH-10003774,Furniture,Chairs,"Global Wood Trimmed Manager's Task Chair, Khaki",63.686,1,0.3,-15.4666,False
7927,CA-2018-120404,11/20/2018 0:00,11/24/2018 0:00,Second Class,KH-16330,Katharine Harms,Corporate,United States,New York City,New York,10035,East,TEC-AC-10003433,Technology,Accessories,Maxell 4.7GB DVD+R 5/Pack,2.97,3,0.0,1.3365,False
4092,CA-2017-161473,4/1/2017 0:00,4/5/2017 0:00,Standard Class,TB-21175,Thomas Boland,Corporate,United States,New York City,New York,10035,East,OFF-BI-10003305,Office Supplies,Binders,Avery Hanging File Binders,14.352,3,0.2,4.6644,False
4266,US-2017-131611,11/5/2017 0:00,11/9/2017 0:00,Standard Class,EP-13915,Emily Phan,Consumer,United States,Houston,Texas,77036,Central,OFF-BI-10004364,Office Supplies,Binders,Storex Dura Pro Binders,3.564,3,0.8,-6.237,False
358,CA-2017-138520,4/8/2017 0:00,4/13/2017 0:00,Standard Class,JL-15505,Jeremy Lonsdale,Consumer,United States,New York City,New York,10035,East,OFF-PA-10002713,Office Supplies,Paper,"Adams Phone Message Book, 200 Message Capacity, 8 1/16” x 11”",34.4,5,0.0,15.824,False
9020,CA-2015-100706,12/16/2015 0:00,12/18/2015 0:00,Second Class,LE-16810,Laurel Elliston,Consumer,United States,Springfield,Virginia,22153,South,TEC-AC-10001314,Technology,Accessories,Case Logic 2.4GHz Wireless Keyboard,99.98,2,0.0,7.9984,False
7091,CA-2016-119480,1/9/2016 0:00,1/13/2016 0:00,Standard Class,CC-12685,Craig Carroll,Consumer,United States,Henderson,Kentucky,42420,South,OFF-PA-10000474,Office Supplies,Paper,Easy-staple paper,106.32,3,0.0,49.9704,False
8787,CA-2018-145765,5/28/2018 0:00,6/2/2018 0:00,Standard Class,CM-11815,Candace McMahon,Corporate,United States,Phoenix,Arizona,85023,West,OFF-PA-10001534,Office Supplies,Paper,Xerox 230,15.552,3,0.2,5.4432,False
9821,CA-2016-162201,6/8/2016 0:00,6/12/2016 0:00,Standard Class,AG-10495,Andrew Gjertsen,Corporate,United States,Saint Petersburg,Florida,33710,South,OFF-PA-10001215,Office Supplies,Paper,Xerox 1963,42.24,10,0.2,13.2,False
9381,CA-2015-154158,12/23/2015 0:00,12/27/2015 0:00,Second Class,CC-12670,Craig Carreira,Consumer,United States,Tampa,Florida,33614,South,FUR-CH-10004698,Furniture,Chairs,"Padded Folding Chairs, Black, 4/Carton",64.784,1,0.2,6.4784,False
6506,CA-2017-152331,6/26/2017 0:00,6/30/2017 0:00,Standard Class,LD-16855,Lela Donovan,Corporate,United States,Chicago,Illinois,60653,Central,OFF-AR-10001547,Office Supplies,Art,Newell 311,5.304,3,0.2,0.4641,False
5225,US-2018-109582,9/12/2018 0:00,9/17/2018 0:00,Second Class,JM-15865,John Murray,Consumer,United States,Los Angeles,California,90036,West,OFF-PA-10004071,Office Supplies,Paper,"Eaton Premium Continuous-Feed Paper, 25% Cotton, Letter Size, White, 1000 Shts/Box",166.44,3,0.0,79.8912,False
9740,CA-2018-129294,3/16/2018 0:00,3/21/2018 0:00,Standard Class,KD-16615,Ken Dana,Corporate,United States,Los Angeles,California,90032,West,OFF-BI-10001757,Office Supplies,Binders,Pressboard Hanging Data Binders for Unburst Sheets,19.68,5,0.2,6.888,False
3600,CA-2015-102869,9/9/2015 0:00,9/14/2015 0:00,Second Class,LC-17140,Logan Currie,Consumer,United States,Philadelphia,Pennsylvania,19140,East,TEC-PH-10002549,Technology,Phones,Polycom SoundPoint IP 450 VoIP phone,135.516,1,0.4,-31.6204,False
4376,CA-2015-166954,4/25/2015 0:00,4/30/2015 0:00,Standard Class,BT-11305,Beth Thompson,Home Office,United States,San Gabriel,California,91776,West,FUR-FU-10003708,Furniture,Furnishings,"Tenex Traditional Chairmats for Medium Pile Carpet, Standard Lip, 36"" x 48""",303.25,5,0.0,63.6825,False
6759,CA-2018-124205,9/15/2018 0:00,9/19/2018 0:00,Standard Class,TC-21145,Theresa Coyne,Corporate,United States,Lakewood,New Jersey,8701,East,OFF-ST-10000934,Office Supplies,Storage,"Contico 72""H Heavy-Duty Storage System",81.96,2,0.0,0.0,False
7928,CA-2018-120404,11/20/2018 0:00,11/24/2018 0:00,Second Class,KH-16330,Katharine Harms,Corporate,United States,New York City,New York,10035,East,TEC-PH-10001363,Technology,Phones,Apple iPhone 5S,569.99,1,0.0,170.997,False
2216,CA-2018-129378,10/1/2018 0:00,10/2/2018 0:00,First Class,NS-18505,Neola Schneider,Consumer,United States,San Jose,California,95123,West,OFF-AP-10000576,Office Supplies,Appliances,"Belkin 325VA UPS Surge Protector, 6'",241.96,2,0.0,60.49,False
3463,CA-2016-152611,2/20/2016 0:00,2/23/2016 0:00,Second Class,KA-16525,Kelly Andreada,Consumer,United States,Perth Amboy,New Jersey,8861,East,OFF-AR-10003903,Office Supplies,Art,Sanford 52201 APSCO Electric Pencil Sharpener,286.79,7,0.0,74.5654,False
781,CA-2016-144267,8/21/2016 0:00,8/23/2016 0:00,First Class,NZ-18565,Nick Zandusky,Home Office,United States,San Francisco,California,94110,West,OFF-PA-10003657,Office Supplies,Paper,Xerox 1927,4.28,1,0.0,1.926,False
4830,CA-2017-152408,5/15/2017 0:00,5/21/2017 0:00,Standard Class,TT-21220,Thomas Thornton,Consumer,United States,New York City,New York,10035,East,OFF-BI-10002393,Office Supplies,Binders,Binder Posts,13.776,3,0.2,4.4772,False
2380,CA-2017-118052,5/6/2017 0:00,5/10/2017 0:00,Standard Class,BE-11455,Brad Eason,Home Office,United States,Lorain,Ohio,44052,East,OFF-FA-10004248,Office Supplies,Fasteners,Advantus T-Pin Paper Clips,7.216,2,0.2,1.7138,False
5861,CA-2016-157434,4/29/2016 0:00,5/4/2016 0:00,Second Class,JK-15640,Jim Kriz,Home Office,United States,Philadelphia,Pennsylvania,19120,East,OFF-PA-10001526,Office Supplies,Paper,Xerox 1949,7.968,2,0.2,2.8884,False
3762,CA-2018-104577,5/12/2018 0:00,5/17/2018 0:00,Standard Class,CK-12205,Chloris Kastensmidt,Consumer,United States,Everett,Massachusetts,2149,East,OFF-PA-10000659,Office Supplies,Paper,"TOPS Carbonless Receipt Book, Four 2-3/4 x 7-1/4 Money Receipts per Page",87.6,5,0.0,42.048,False
2085,CA-2017-140501,6/23/2017 0:00,6/28/2017 0:00,Standard Class,IM-15070,Irene Maddox,Consumer,United States,New York City,New York,10009,East,OFF-LA-10003510,Office Supplies,Labels,"Avery 4027 File Folder Labels for Dot Matrix Printers, 5000 Labels per Box, White",122.12,4,0.0,56.1752,False
3562,CA-2018-109757,9/4/2018 0:00,9/9/2018 0:00,Second Class,MD-17350,Maribeth Dona,Consumer,United States,Akron,Ohio,44312,East,OFF-BI-10004001,Office Supplies,Binders,GBC Recycled VeloBinder Covers,25.56,5,0.7,-20.448,False
8479,CA-2018-158736,12/18/2018 0:00,12/24/2018 0:00,Standard Class,TT-21460,Tonja Turnell,Home Office,United States,San Francisco,California,94110,West,OFF-AR-10002578,Office Supplies,Art,Newell 335,5.76,2,0.0,1.6704,False
952,US-2018-110576,11/28/2018 0:00,12/2/2018 0:00,Standard Class,RB-19795,Ross Baird,Home Office,United States,Philadelphia,Pennsylvania,19120,East,OFF-PA-10002479,Office Supplies,Paper,Xerox 4200 Series MultiUse Premium Copy Paper (20Lb. and 84 Bright),25.344,6,0.2,7.92,False
6056,CA-2017-113551,8/18/2017 0:00,8/20/2017 0:00,First Class,NF-18385,Natalie Fritzler,Consumer,United States,Edinburg,Texas,78539,Central,OFF-BI-10001617,Office Supplies,Binders,GBC Wire Binding Combs,2.068,1,0.8,-3.4122,False
6611,CA-2017-168921,10/20/2017 0:00,10/22/2017 0:00,First Class,AG-10495,Andrew Gjertsen,Corporate,United States,Los Angeles,California,90049,West,OFF-BI-10004209,Office Supplies,Binders,"Fellowes Twister Kit, Gray/Clear, 3/pkg",19.296,3,0.2,6.03,False
717,CA-2015-130092,1/11/2015 0:00,1/14/2015 0:00,First Class,SV-20365,Seth Vernon,Consumer,United States,Dover,Delaware,19901,East,FUR-FU-10000010,Furniture,Furnishings,"DAX Value U-Channel Document Frames, Easel Back",9.94,2,0.0,3.0814,False
3033,US-2017-114293,11/21/2017 0:00,11/26/2017 0:00,Standard Class,JH-16180,Justin Hirsh,Consumer,United States,Gresham,Oregon,97030,West,FUR-CH-10003833,Furniture,Chairs,Novimex Fabric Task Chair,195.136,4,0.2,-12.196,False
5092,CA-2018-156720,12/30/2018 0:00,1/3/2019 0:00,Standard Class,JM-15580,Jill Matthias,Consumer,United States,Loveland,Colorado,80538,West,OFF-FA-10003472,Office Supplies,Fasteners,Bagged Rubber Bands,3.024,3,0.2,-0.6048,False
3057,CA-2018-131492,10/19/2018 0:00,10/24/2018 0:00,Second Class,HH-15010,Hilary Holden,Corporate,United States,San Francisco,California,94110,West,OFF-EN-10002973,Office Supplies,Envelopes,Ampad #10 Peel & Seel Holiday Envelopes,8.96,2,0.0,4.3008,False
8775,CA-2016-132276,2/23/2016 0:00,2/28/2016 0:00,Standard Class,LC-16960,Lindsay Castell,Home Office,United States,New York City,New York,10024,East,OFF-BI-10002982,Office Supplies,Binders,Avery Self-Adhesive Photo Pockets for Polaroid Photos,10.896,2,0.2,3.8136,False
5715,CA-2018-116939,9/25/2018 0:00,9/29/2018 0:00,Standard Class,AG-10900,Arthur Gainer,Consumer,United States,Richmond,Virginia,23223,South,OFF-ST-10001476,Office Supplies,Storage,Steel Personal Filing/Posting Tote,177.55,5,0.0,47.9385,False
5858,CA-2016-112214,8/5/2016 0:00,8/11/2016 0:00,Standard Class,AH-10690,Anna Häberlin,Corporate,United States,Dallas,Texas,75220,Central,FUR-FU-10002364,Furniture,Furnishings,"Eldon Expressions Wood Desk Accessories, Oak",14.76,5,0.6,-11.439,False
6915,CA-2015-142510,12/22/2015 0:00,12/29/2015 0:00,Standard Class,NP-18700,Nora Preis,Consumer,United States,Chicago,Illinois,60623,Central,OFF-ST-10000585,Office Supplies,Storage,Economy Rollaway Files,132.16,1,0.2,9.912,False
7370,CA-2016-110345,3/9/2016 0:00,3/11/2016 0:00,Second Class,TG-21310,Toby Gnade,Consumer,United States,Raleigh,North Carolina,27604,South,OFF-LA-10001175,Office Supplies,Labels,Avery 514,4.608,2,0.2,1.6704,False
2493,CA-2015-144624,11/19/2015 0:00,11/23/2015 0:00,Standard Class,JM-15865,John Murray,Consumer,United States,Jamestown,New York,14701,East,TEC-PH-10002885,Technology,Phones,Apple iPhone 5,4548.81,7,0.0,1228.1787,False
5811,US-2016-163279,3/22/2016 0:00,3/26/2016 0:00,Standard Class,JD-16150,Justin Deggeller,Corporate,United States,San Diego,California,92037,West,OFF-PA-10003127,Office Supplies,Paper,Easy-staple paper,105.52,4,0.0,48.5392,False
1602,CA-2017-164672,5/8/2017 0:00,5/13/2017 0:00,Second Class,GB-14530,George Bell,Corporate,United States,Dover,Delaware,19901,East,FUR-FU-10001488,Furniture,Furnishings,"Tenex 46"" x 60"" Computer Anti-Static Chairmat, Rectangular Shaped",211.96,2,0.0,42.392,False
5731,CA-2018-117324,12/8/2018 0:00,12/13/2018 0:00,Standard Class,JP-15520,Jeremy Pistek,Consumer,United States,Madison,Wisconsin,53711,Central,FUR-BO-10003159,Furniture,Bookcases,"Sauder Camden County Collection Libraries, Planked Cherry Finish",459.92,4,0.0,41.3928,False
3323,CA-2016-120810,7/23/2016 0:00,7/27/2016 0:00,Standard Class,TH-21550,Tracy Hopkins,Home Office,United States,New York City,New York,10009,East,OFF-AP-10002892,Office Supplies,Appliances,Belkin F5C206VTEL 6 Outlet Surge,68.94,3,0.0,20.682,False
5999,US-2015-112991,12/10/2015 0:00,12/14/2015 0:00,Standard Class,SH-19975,Sally Hughsby,Corporate,United States,Caldwell,Idaho,83605,West,FUR-CH-10001708,Furniture,Chairs,Office Star - Contemporary Swivel Chair with Padded Adjustable Arms and Flex Back,338.352,3,0.2,4.2294,False
7774,CA-2017-108196,11/25/2017 0:00,12/2/2017 0:00,Standard Class,CS-12505,Cindy Stewart,Consumer,United States,Lancaster,Ohio,43130,East,TEC-AC-10000926,Technology,Accessories,NETGEAR RangeMax WNR1000 Wireless Router,59.976,3,0.2,11.9952,False
5452,US-2015-119081,9/12/2015 0:00,9/19/2015 0:00,Standard Class,TA-21385,Tom Ashbrook,Home Office,United States,Olathe,Kansas,66062,Central,FUR-FU-10003464,Furniture,Furnishings,"Seth Thomas 8 1/2"" Cubicle Clock",40.56,2,0.0,12.9792,False
117,CA-2015-115259,8/25/2015 0:00,8/27/2015 0:00,Second Class,RC-19960,Ryan Crowe,Consumer,United States,Columbus,Ohio,43229,East,OFF-EN-10002504,Office Supplies,Envelopes,"Tyvek  Top-Opening Peel & Seel Envelopes, Plain White",130.464,6,0.2,44.0316,False
2862,CA-2018-138975,5/19/2018 0:00,5/23/2018 0:00,Standard Class,SC-20380,Shahid Collister,Consumer,United States,Atlanta,Georgia,30318,South,OFF-PA-10000100,Office Supplies,Paper,Xerox 1945,286.93,7,0.0,140.5957,False
3764,CA-2017-156251,8/13/2017 0:00,8/18/2017 0:00,Second Class,TS-21160,Theresa Swint,Corporate,United States,West Allis,Wisconsin,53214,Central,OFF-BI-10003529,Office Supplies,Binders,Avery Round Ring Poly Binders,8.52,3,0.0,4.1748,False
5008,CA-2016-169796,11/9/2016 0:00,11/14/2016 0:00,Standard Class,Dp-13240,Dean percer,Home Office,United States,New York City,New York,10035,East,OFF-ST-10001505,Office Supplies,Storage,"Perma STOR-ALL Hanging File Box, 13 1/8""W x 12 1/4""D x 10 1/2""H",17.94,3,0.0,3.0498,False
5749,CA-2017-113733,12/8/2017 0:00,12/12/2017 0:00,Standard Class,LH-16900,Lena Hernandez,Consumer,United States,Greenville,North Carolina,27834,South,TEC-AC-10004877,Technology,Accessories,Imation 30456 USB Flash Drive 8GB,16.56,3,0.2,-2.484,False
5106,CA-2015-116568,12/14/2015 0:00,12/20/2015 0:00,Standard Class,BM-11785,Bryan Mills,Consumer,United States,Deltona,Florida,32725,South,FUR-CH-10002439,Furniture,Chairs,"Iceberg Nesting Folding Chair, 19w x 6d x 43h",186.304,4,0.2,13.9728,False
4325,US-2016-147662,2/14/2016 0:00,2/19/2016 0:00,Standard Class,KB-16315,Karl Braun,Consumer,United States,Akron,Ohio,44312,East,OFF-AR-10004999,Office Supplies,Art,Newell 315,14.352,3,0.2,0.897,False
8730,CA-2016-103870,12/27/2016 0:00,12/31/2016 0:00,Standard Class,SP-20860,Sung Pak,Corporate,United States,Murfreesboro,Tennessee,37130,South,OFF-ST-10002562,Office Supplies,Storage,Staple magnet,22.512,3,0.2,2.2512,False
5021,CA-2018-136511,3/23/2018 0:00,3/25/2018 0:00,Second Class,MZ-17515,Mary Zewe,Corporate,United States,New York City,New York,10011,East,OFF-SU-10003505,Office Supplies,Supplies,Premier Electric Letter Opener,347.58,3,0.0,17.379,False
2191,CA-2017-118913,6/25/2017 0:00,6/29/2017 0:00,Standard Class,AS-10240,Alan Shonely,Consumer,United States,Los Angeles,California,90049,West,OFF-AP-10000692,Office Supplies,Appliances,Fellowes Mighty 8 Compact Surge Protector,60.81,3,0.0,17.0268,False
4301,CA-2018-129021,8/23/2018 0:00,8/26/2018 0:00,Second Class,PO-18850,Patrick O'Brill,Consumer,United States,Tallahassee,Florida,32303,South,FUR-FU-10001852,Furniture,Furnishings,"Eldon Regeneration Recycled Desk Accessories, Smoke",2.784,2,0.2,0.4176,False
7324,US-2018-126053,12/5/2018 0:00,12/8/2018 0:00,First Class,CS-11950,Carlos Soltero,Consumer,United States,New York City,New York,10024,East,FUR-FU-10001934,Furniture,Furnishings,Magnifier Swing Arm Lamp,41.96,2,0.0,10.9096,False
6527,CA-2017-129308,7/7/2017 0:00,7/13/2017 0:00,Standard Class,CC-12100,Chad Cunningham,Home Office,United States,Philadelphia,Pennsylvania,19120,East,OFF-BI-10001308,Office Supplies,Binders,GBC Standard Plastic Binding Systems' Combs,9.42,5,0.7,-7.85,False
3416,CA-2017-116540,9/2/2017 0:00,9/2/2017 0:00,Same Day,SS-20590,Sonia Sunley,Consumer,United States,Madison,Wisconsin,53711,Central,OFF-FA-10002676,Office Supplies,Fasteners,Colored Push Pins,1.81,1,0.0,0.6516,False
738,CA-2018-131954,1/21/2018 0:00,1/25/2018 0:00,Standard Class,DS-13030,Darrin Sayre,Home Office,United States,Seattle,Washington,98115,West,OFF-BI-10000138,Office Supplies,Binders,Acco Translucent Poly Ring Binders,18.72,5,0.2,6.552,False
6132,CA-2015-163447,12/27/2015 0:00,12/31/2015 0:00,Standard Class,TB-21190,Thomas Brumley,Home Office,United States,New York City,New York,10011,East,FUR-CH-10004477,Furniture,Chairs,"Global Push Button Manager's Chair, Indigo",767.214,14,0.1,161.9674,False
2735,CA-2016-129770,2/21/2016 0:00,2/23/2016 0:00,Second Class,JE-15715,Joe Elijah,Consumer,United States,Las Cruces,New Mexico,88001,West,OFF-PA-10000249,Office Supplies,Paper,Easy-staple paper,49.12,4,0.0,23.0864,False
6115,CA-2017-124590,11/12/2017 0:00,11/16/2017 0:00,Standard Class,SP-20920,Susan Pistek,Consumer,United States,Parma,Ohio,44134,East,FUR-CH-10003746,Furniture,Chairs,Hon 4070 Series Pagoda Round Back Stacking Chairs,449.372,2,0.3,-12.8392,False
9702,CA-2017-105291,10/30/2017 0:00,11/4/2017 0:00,Standard Class,SP-20920,Susan Pistek,Consumer,United States,San Luis Obispo,California,93405,West,OFF-FA-10003059,Office Supplies,Fasteners,Assorted Color Push Pins,3.62,2,0.0,1.1946,False
382,CA-2017-134775,10/28/2017 0:00,10/29/2017 0:00,First Class,AS-10285,Alejandro Savely,Corporate,United States,San Francisco,California,94109,West,OFF-PA-10004734,Office Supplies,Paper,Southworth Structures Collection,50.96,7,0.0,25.48,False
2218,CA-2015-151953,9/20/2015 0:00,9/25/2015 0:00,Standard Class,DB-13555,Dorothy Badders,Corporate,United States,Jacksonville,Florida,32216,South,OFF-AR-10003469,Office Supplies,Art,Nontoxic Chalk,2.816,2,0.2,0.9856,False
6358,CA-2018-139080,1/23/2018 0:00,1/28/2018 0:00,Standard Class,CS-12250,Chris Selesnick,Corporate,United States,Seattle,Washington,98103,West,OFF-PA-10004621,Office Supplies,Paper,Xerox 212,25.92,4,0.0,12.4416,False
9448,CA-2018-136882,5/27/2018 0:00,6/3/2018 0:00,Standard Class,DN-13690,Duane Noonan,Consumer,United States,Tulsa,Oklahoma,74133,Central,FUR-FU-10003664,Furniture,Furnishings,"Electrix Architect's Clamp-On Swing Arm Lamp, Black",477.3,5,0.0,138.417,False
7843,CA-2015-158470,4/19/2015 0:00,4/23/2015 0:00,Second Class,AG-10390,Allen Goldenen,Consumer,United States,Arlington,Virginia,22204,South,OFF-BI-10003638,Office Supplies,Binders,GBC Durable Plastic Covers,58.05,3,0.0,26.703,False
8741,CA-2017-102498,7/24/2017 0:00,7/25/2017 0:00,First Class,JG-15160,James Galang,Consumer,United States,Lafayette,Louisiana,70506,South,OFF-AR-10004456,Office Supplies,Art,Panasonic KP-4ABK Battery-Operated Pencil Sharpener,73.2,5,0.0,21.228,False
302,CA-2017-142545,10/28/2017 0:00,11/3/2017 0:00,Standard Class,JD-15895,Jonathan Doherty,Corporate,United States,Belleville,New Jersey,7109,East,FUR-FU-10001861,Furniture,Furnishings,"Floodlight Indoor Halogen Bulbs, 1 Bulb per Pack, 60 Watts",77.6,4,0.0,38.024,False
1771,CA-2018-146024,3/2/2018 0:00,3/8/2018 0:00,Standard Class,SC-20770,Stewart Carmichael,Corporate,United States,Dallas,Texas,75081,Central,OFF-BI-10003291,Office Supplies,Binders,Wilson Jones Leather-Like Binders with DublLock Round Rings,12.222,7,0.8,-20.1663,False
6976,CA-2016-112144,6/28/2016 0:00,7/2/2016 0:00,Standard Class,CY-12745,Craig Yedwab,Corporate,United States,Gilbert,Arizona,85234,West,OFF-LA-10000443,Office Supplies,Labels,Avery 501,5.904,2,0.2,1.9926,False
9461,CA-2015-101833,11/17/2015 0:00,11/22/2015 0:00,Second Class,FG-14260,Frank Gastineau,Home Office,United States,New York City,New York,10024,East,OFF-PA-10003591,Office Supplies,Paper,Southworth 100% Cotton The Best Paper,34.44,3,0.0,17.22,False
1169,CA-2018-145226,12/8/2018 0:00,12/10/2018 0:00,Second Class,DL-13315,Delfina Latchford,Consumer,United States,New York City,New York,10035,East,OFF-ST-10004123,Office Supplies,Storage,Safco Industrial Wire Shelving System,272.94,3,0.0,0.0,False
6133,CA-2018-145737,9/15/2018 0:00,9/20/2018 0:00,Standard Class,AB-10165,Alan Barnes,Consumer,United States,Lebanon,Tennessee,37087,South,OFF-PA-10001033,Office Supplies,Paper,Xerox 1893,163.96,5,0.2,59.4355,False
3370,CA-2016-115511,11/21/2016 0:00,11/25/2016 0:00,Standard Class,NW-18400,Natalie Webber,Consumer,United States,Las Vegas,Nevada,89115,West,OFF-BI-10002225,Office Supplies,Binders,"Square Ring Data Binders, Rigid 75 Pt. Covers, 11"" x 14-7/8""",66.048,4,0.2,23.1168,False
6540,CA-2016-109862,10/25/2016 0:00,10/30/2016 0:00,Standard Class,HK-14890,Heather Kirkland,Corporate,United States,Newark,Delaware,19711,East,FUR-CH-10002439,Furniture,Chairs,"Iceberg Nesting Folding Chair, 19w x 6d x 43h",291.1,5,0.0,75.686,False
6774,CA-2017-119018,11/4/2017 0:00,11/8/2017 0:00,Standard Class,CW-11905,Carl Weiss,Home Office,United States,Los Angeles,California,90004,West,OFF-BI-10000494,Office Supplies,Binders,Acco Economy Flexible Poly Round Ring Binder,4.176,1,0.2,1.305,False
6573,CA-2017-161543,5/10/2017 0:00,5/16/2017 0:00,Standard Class,RD-19720,Roger Demir,Consumer,United States,Seattle,Washington,98105,West,OFF-PA-10003971,Office Supplies,Paper,Xerox 1965,11.96,2,0.0,5.8604,False
8082,CA-2016-150714,10/26/2016 0:00,11/1/2016 0:00,Standard Class,KH-16690,Kristen Hastings,Corporate,United States,Springfield,Oregon,97477,West,OFF-PA-10001497,Office Supplies,Paper,Xerox 1914,131.904,3,0.2,47.8152,False
2528,CA-2016-124541,4/6/2016 0:00,4/10/2016 0:00,Standard Class,TT-21220,Thomas Thornton,Consumer,United States,Houston,Texas,77041,Central,OFF-BI-10004209,Office Supplies,Binders,"Fellowes Twister Kit, Gray/Clear, 3/pkg",9.648,6,0.8,-16.884,False
1900,CA-2015-169775,8/29/2015 0:00,9/2/2015 0:00,Second Class,RA-19945,Ryan Akin,Consumer,United States,Miami,Florida,33178,South,FUR-TA-10001857,Furniture,Tables,Balt Solid Wood Rectangular Table,174.0585,3,0.45,-110.7645,False
9082,CA-2018-166898,9/11/2018 0:00,9/13/2018 0:00,Second Class,KH-16630,Ken Heidel,Corporate,United States,Santa Ana,California,92704,West,OFF-PA-10002262,Office Supplies,Paper,Xerox 192,19.44,3,0.0,9.3312,False
4831,CA-2015-120278,11/7/2015 0:00,11/12/2015 0:00,Standard Class,MS-17365,Maribeth Schnelling,Consumer,United States,Wausau,Wisconsin,54401,Central,OFF-AP-10001293,Office Supplies,Appliances,Belkin 8 Outlet Surge Protector,245.88,6,0.0,68.8464,False
6455,CA-2018-161102,7/31/2018 0:00,8/3/2018 0:00,First Class,EC-14050,Erin Creighton,Consumer,United States,San Francisco,California,94110,West,OFF-ST-10003442,Office Supplies,Storage,Eldon Portable Mobile Manager,56.56,2,0.0,15.2712,False
6225,CA-2018-140627,12/23/2018 0:00,12/27/2018 0:00,Standard Class,DK-12985,Darren Koutras,Consumer,United States,Hendersonville,Tennessee,37075,South,OFF-ST-10004123,Office Supplies,Storage,Safco Industrial Wire Shelving System,218.352,3,0.2,-54.588,False
7110,CA-2017-109666,4/19/2017 0:00,4/26/2017 0:00,Standard Class,KM-16720,Kunst Miller,Consumer,United States,New York City,New York,10035,East,OFF-ST-10000991,Office Supplies,Storage,Space Solutions HD Industrial Steel Shelving.,459.88,4,0.0,13.7964,False
6427,CA-2017-143714,5/23/2017 0:00,5/27/2017 0:00,Standard Class,CC-12370,Christopher Conant,Consumer,United States,Philadelphia,Pennsylvania,19120,East,OFF-BI-10004308,Office Supplies,Binders,Avery Legal 4-Ring Binder,6.294,1,0.7,-4.196,False
1650,CA-2016-120341,9/26/2016 0:00,9/29/2016 0:00,Second Class,SF-20200,Sarah Foster,Consumer,United States,Philadelphia,Pennsylvania,19143,East,TEC-PH-10003357,Technology,Phones,Grandstream GXP2100 Mainstream Business Phone,45.894,1,0.4,-9.1788,False
4120,CA-2016-153416,11/24/2016 0:00,11/29/2016 0:00,Standard Class,TS-21340,Toby Swindell,Consumer,United States,Los Angeles,California,90036,West,OFF-BI-10002706,Office Supplies,Binders,Avery Premier Heavy-Duty Binder with Round Locking Rings,91.392,8,0.2,29.7024,False
8473,US-2018-132031,4/23/2018 0:00,4/27/2018 0:00,Standard Class,PN-18775,Parhena Norris,Home Office,United States,Clarksville,Tennessee,37042,South,OFF-LA-10000081,Office Supplies,Labels,Avery 496,3.0,1,0.2,1.05,False
5070,CA-2015-124478,8/8/2015 0:00,8/12/2015 0:00,Standard Class,MA-17560,Matt Abelman,Home Office,United States,Trenton,Michigan,48183,Central,OFF-AP-10002495,Office Supplies,Appliances,"Acco Smartsocket Table Surge Protector, 6 Color-Coded Adapter Outlets",167.535,3,0.1,37.23,False
3228,CA-2015-108189,10/2/2015 0:00,10/5/2015 0:00,First Class,ES-14080,Erin Smith,Corporate,United States,Tempe,Arizona,85281,West,TEC-PH-10001557,Technology,Phones,Pyle PMP37LED,230.376,3,0.2,20.1579,False
140,CA-2017-145583,10/13/2017 0:00,10/19/2017 0:00,Standard Class,LC-16885,Lena Creighton,Consumer,United States,Roseville,California,95661,West,FUR-FU-10001706,Furniture,Furnishings,Longer-Life Soft White Bulbs,43.12,14,0.0,20.6976,False
3904,CA-2016-167010,4/5/2016 0:00,4/10/2016 0:00,Standard Class,VT-21700,Valerie Takahito,Home Office,United States,Philadelphia,Pennsylvania,19143,East,OFF-AP-10004036,Office Supplies,Appliances,Bionaire 99.97% HEPA Air Cleaner,98.112,7,0.2,18.396,False
8956,CA-2015-126480,9/20/2015 0:00,9/24/2015 0:00,Standard Class,HG-14965,Henry Goldwyn,Corporate,United States,San Diego,California,92024,West,OFF-PA-10004610,Office Supplies,Paper,Xerox 1900,8.56,2,0.0,3.852,False
7551,CA-2015-140396,11/20/2015 0:00,11/25/2015 0:00,Standard Class,KH-16330,Katharine Harms,Corporate,United States,New York City,New York,10024,East,OFF-EN-10002592,Office Supplies,Envelopes,"Peel & Seel Recycled Catalog Envelopes, Brown",34.74,3,0.0,17.37,False
2718,CA-2015-100006,9/7/2015 0:00,9/13/2015 0:00,Standard Class,DK-13375,Dennis Kane,Consumer,United States,New York City,New York,10024,East,TEC-PH-10002075,Technology,Phones,AT&T EL51110 DECT,377.97,3,0.0,109.6113,False
3021,CA-2016-123568,11/8/2016 0:00,11/14/2016 0:00,Standard Class,SC-20095,Sanjit Chand,Consumer,United States,West Jordan,Utah,84084,West,OFF-PA-10001125,Office Supplies,Paper,Xerox 1988,92.94,3,0.0,41.823,False
279,CA-2018-132976,10/13/2018 0:00,10/17/2018 0:00,Standard Class,AG-10495,Andrew Gjertsen,Corporate,United States,Philadelphia,Pennsylvania,19140,East,OFF-ST-10000876,Office Supplies,Storage,Eldon Simplefile Box Office,59.712,6,0.2,5.9712,False
4802,US-2017-148901,5/14/2017 0:00,5/19/2017 0:00,Standard Class,MK-17905,Michael Kennedy,Corporate,United States,Jacksonville,Florida,32216,South,OFF-BI-10004002,Office Supplies,Binders,Wilson Jones International Size A4 Ring Binders,10.38,2,0.7,-7.612,False
2444,CA-2017-146934,5/22/2017 0:00,5/27/2017 0:00,Standard Class,AF-10870,Art Ferguson,Consumer,United States,Passaic,New Jersey,7055,East,TEC-AC-10002399,Technology,Accessories,SanDisk Cruzer 32 GB USB Flash Drive,95.1,5,0.0,30.432,False
4395,CA-2015-142965,7/20/2015 0:00,7/20/2015 0:00,Same Day,SW-20245,Scot Wooten,Consumer,United States,Springfield,Ohio,45503,East,OFF-ST-10002583,Office Supplies,Storage,Fellowes Neat Ideas Storage Cubes,25.984,1,0.2,-5.1968,False
2478,CA-2018-102750,9/4/2018 0:00,9/8/2018 0:00,Second Class,GM-14695,Greg Maxwell,Corporate,United States,Los Angeles,California,90036,West,FUR-TA-10000198,Furniture,Tables,Chromcraft Bull-Nose Wood Oval Conference Tables & Bases,1322.352,3,0.2,-99.1764,False
3297,US-2016-110569,5/23/2016 0:00,5/30/2016 0:00,Standard Class,EB-13870,Emily Burns,Consumer,United States,Phoenix,Arizona,85023,West,OFF-BI-10001036,Office Supplies,Binders,Cardinal EasyOpen D-Ring Binders,19.194,7,0.7,-12.796,False
1399,CA-2017-124485,11/24/2017 0:00,11/26/2017 0:00,First Class,NC-18340,Nat Carroll,Consumer,United States,New York City,New York,10035,East,TEC-AC-10002323,Technology,Accessories,SanDisk Ultra 32 GB MicroSDHC Class 10 Memory Card,88.4,4,0.0,11.492,False
8832,CA-2016-145324,11/15/2016 0:00,11/19/2016 0:00,Standard Class,DH-13675,Duane Huffman,Home Office,United States,Harrisonburg,Virginia,22801,South,FUR-FU-10002759,Furniture,Furnishings,12-1/2 Diameter Round Wall Clock,39.96,2,0.0,14.3856,False
9006,CA-2018-107825,11/18/2018 0:00,11/18/2018 0:00,Same Day,NB-18655,Nona Balk,Corporate,United States,Milwaukee,Wisconsin,53209,Central,OFF-ST-10001321,Office Supplies,Storage,"Decoflex Hanging Personal Folder File, Blue",92.52,6,0.0,24.9804,False
6902,US-2018-135013,7/24/2018 0:00,7/24/2018 0:00,Same Day,HR-14830,Harold Ryan,Corporate,United States,Huntington Beach,California,92646,West,TEC-CO-10001449,Technology,Copiers,Hewlett Packard LaserJet 3310 Copier,2399.96,5,0.2,839.986,False
7032,CA-2017-145548,11/11/2017 0:00,11/16/2017 0:00,Standard Class,EB-13750,Edward Becker,Corporate,United States,New York City,New York,10011,East,OFF-AR-10003373,Office Supplies,Art,"Boston School Pro Electric Pencil Sharpener, 1670",92.94,3,0.0,25.0938,False
2768,CA-2018-167752,1/15/2018 0:00,1/18/2018 0:00,First Class,RW-19690,Robert Waldorf,Consumer,United States,Philadelphia,Pennsylvania,19134,East,OFF-AP-10002945,Office Supplies,Appliances,Honeywell Enviracaire Portable HEPA Air Cleaner for 17' x 22' Room,1924.16,8,0.2,312.676,False
7608,CA-2018-121195,12/24/2018 0:00,12/27/2018 0:00,First Class,NS-18505,Neola Schneider,Consumer,United States,Dallas,Texas,75220,Central,OFF-ST-10000585,Office Supplies,Storage,Economy Rollaway Files,264.32,2,0.2,19.824,False
7871,CA-2018-122112,9/25/2018 0:00,9/29/2018 0:00,Standard Class,CA-11965,Carol Adams,Corporate,United States,Lakewood,Ohio,44107,East,OFF-EN-10004459,Office Supplies,Envelopes,Security-Tint Envelopes,24.448,4,0.2,8.8624,False
8519,CA-2018-118003,12/4/2018 0:00,12/10/2018 0:00,Standard Class,DO-13645,Doug O'Connell,Consumer,United States,Paterson,New Jersey,7501,East,FUR-FU-10002506,Furniture,Furnishings,"Tensor ""Hersey Kiss"" Styled Floor Lamp",12.99,1,0.0,1.5588,False
1628,CA-2016-143119,9/24/2016 0:00,9/30/2016 0:00,Standard Class,MC-17275,Marc Crier,Consumer,United States,Lafayette,Louisiana,70506,South,FUR-CH-10001270,Furniture,Chairs,Harbour Creations Steel Folding Chair,517.5,6,0.0,155.25,False
3103,CA-2018-119578,12/22/2018 0:00,12/27/2018 0:00,Second Class,JG-15310,Jason Gross,Corporate,United States,Providence,Rhode Island,2908,East,FUR-BO-10003660,Furniture,Bookcases,"Bush Cubix Collection Bookcases, Fully Assembled",220.98,1,0.0,50.8254,False
4496,CA-2018-112753,6/18/2018 0:00,6/23/2018 0:00,Standard Class,CC-12670,Craig Carreira,Consumer,United States,Los Angeles,California,90032,West,FUR-BO-10004015,Furniture,Bookcases,"Bush Andora Bookcase, Maple/Graphite Gray Finish",917.9235,9,0.15,75.5937,False
8598,US-2017-117387,10/27/2017 0:00,10/31/2017 0:00,Standard Class,PA-19060,Pete Armstrong,Home Office,United States,San Francisco,California,94122,West,OFF-BI-10004308,Office Supplies,Binders,Avery Legal 4-Ring Binder,67.136,4,0.2,25.176,False
800,CA-2016-101910,11/27/2016 0:00,12/3/2016 0:00,Standard Class,CD-11920,Carlos Daly,Consumer,United States,Lake Elsinore,California,92530,West,FUR-CH-10002647,Furniture,Chairs,"Situations Contoured Folding Chairs, 4/Set",283.92,5,0.2,17.745,False
4805,CA-2018-136364,7/13/2018 0:00,7/17/2018 0:00,Second Class,MH-17455,Mark Hamilton,Consumer,United States,Philadelphia,Pennsylvania,19140,East,FUR-FU-10002501,Furniture,Furnishings,Nu-Dell Executive Frame,91.008,9,0.2,19.3392,False
4951,CA-2017-125815,10/28/2017 0:00,11/1/2017 0:00,Second Class,DL-13330,Denise Leinenbach,Consumer,United States,New York City,New York,10009,East,OFF-AR-10004441,Office Supplies,Art,BIC Brite Liner Highlighters,12.42,3,0.0,5.2164,False
8971,CA-2018-157469,12/2/2018 0:00,12/7/2018 0:00,Standard Class,ES-14080,Erin Smith,Corporate,United States,Lakewood,Ohio,44107,East,TEC-PH-10004531,Technology,Phones,AT&T CL2909,151.188,2,0.4,-25.198,False
9909,US-2016-129007,9/13/2016 0:00,9/15/2016 0:00,First Class,KD-16615,Ken Dana,Corporate,United States,Anaheim,California,92804,West,FUR-FU-10002379,Furniture,Furnishings,Eldon Econocleat Chair Mats for Low Pile Carpets,207.35,5,0.0,24.882,False
5818,CA-2015-124730,11/26/2015 0:00,11/26/2015 0:00,Same Day,LS-17245,Lynn Smith,Consumer,United States,Utica,New York,13501,East,OFF-BI-10001031,Office Supplies,Binders,Pressboard Data Binders by Wilson Jones,17.088,4,0.2,5.7672,False
5908,US-2017-113985,12/2/2017 0:00,12/7/2017 0:00,Standard Class,KD-16495,Keith Dawkins,Corporate,United States,San Jose,California,95123,West,OFF-BI-10002353,Office Supplies,Binders,GBC VeloBind Cover Sets,24.704,2,0.2,9.264,False
3523,CA-2017-114482,11/21/2017 0:00,11/25/2017 0:00,Second Class,DM-13345,Denise Monton,Corporate,United States,Des Moines,Iowa,50315,Central,TEC-PH-10001580,Technology,Phones,Logitech Mobile Speakerphone P710e - speaker phone,404.94,3,0.0,109.3338,False
7434,CA-2015-161249,8/9/2015 0:00,8/13/2015 0:00,Standard Class,RD-19720,Roger Demir,Consumer,United States,Phoenix,Arizona,85023,West,OFF-BI-10001097,Office Supplies,Binders,Avery Hole Reinforcements,9.345,5,0.7,-6.5415,False
1116,CA-2018-140585,12/18/2018 0:00,12/23/2018 0:00,Second Class,RA-19915,Russell Applegate,Consumer,United States,Encinitas,California,92024,West,TEC-AC-10003610,Technology,Accessories,Logitech Illuminated - Keyboard,119.98,2,0.0,57.5904,False
4400,CA-2017-131737,3/17/2017 0:00,3/17/2017 0:00,Same Day,GZ-14470,Gary Zandusky,Consumer,United States,Columbia,Maryland,21044,East,OFF-EN-10003055,Office Supplies,Envelopes,"Blue String-Tie & Button Interoffice Envelopes, 10 x 13",199.9,5,0.0,89.955,False
5059,CA-2017-120796,4/3/2017 0:00,4/7/2017 0:00,Standard Class,CS-11950,Carlos Soltero,Consumer,United States,Philadelphia,Pennsylvania,19140,East,OFF-BI-10004330,Office Supplies,Binders,"GBC Velobind Prepunched Cover Sets, Regency Series",99.846,9,0.7,-83.205,False
4824,CA-2017-140018,11/21/2017 0:00,11/26/2017 0:00,Standard Class,CK-12205,Chloris Kastensmidt,Consumer,United States,Columbus,Ohio,43229,East,TEC-MA-10000752,Technology,Machines,Texas Instrument TI-15 Fraction Calculator,30.345,7,0.7,-24.276,False
9275,US-2015-134054,10/10/2015 0:00,10/10/2015 0:00,Same Day,FC-14335,Fred Chung,Corporate,United States,Albuquerque,New Mexico,87105,West,OFF-AR-10000937,Office Supplies,Art,"Dixon Ticonderoga Core-Lock Colored Pencils, 48-Color Set",255.85,7,0.0,112.574,False
8388,CA-2016-149601,5/28/2016 0:00,6/3/2016 0:00,Standard Class,TB-21625,Trudy Brown,Consumer,United States,Manchester,Connecticut,6040,East,OFF-ST-10001328,Office Supplies,Storage,"Personal Filing Tote with Lid, Black/Gray",77.55,5,0.0,21.714,False
6659,CA-2018-135937,2/20/2018 0:00,2/27/2018 0:00,Standard Class,KM-16375,Katherine Murray,Home Office,United States,Gilbert,Arizona,85234,West,FUR-FU-10002253,Furniture,Furnishings,"Howard Miller 13"" Diameter Pewter Finish Round Wall Clock",68.704,2,0.2,16.3172,False
4702,CA-2018-140298,5/11/2018 0:00,5/17/2018 0:00,Standard Class,JK-16120,Julie Kriz,Home Office,United States,Austin,Texas,78745,Central,OFF-PA-10003657,Office Supplies,Paper,Xerox 1927,6.848,2,0.2,2.14,False
7937,CA-2018-166093,8/17/2018 0:00,8/24/2018 0:00,Standard Class,RW-19540,Rick Wilson,Corporate,United States,Brentwood,California,94513,West,OFF-BI-10000174,Office Supplies,Binders,"Wilson Jones Clip & Carry Folder Binder Tool for Ring Binders, Clear",13.92,3,0.2,4.872,False
8383,CA-2017-163048,2/8/2017 0:00,2/15/2017 0:00,Standard Class,MH-17440,Mark Haberlin,Corporate,United States,Houston,Texas,77036,Central,FUR-CH-10001270,Furniture,Chairs,Harbour Creations Steel Folding Chair,241.5,4,0.3,0.0,False
640,CA-2017-115917,5/20/2017 0:00,5/25/2017 0:00,Standard Class,RB-19465,Rick Bensley,Home Office,United States,Vallejo,California,94591,West,OFF-BI-10004728,Office Supplies,Binders,Wilson Jones Turn Tabs Binder Tool for Ring Binders,15.424,4,0.2,5.0128,False
6278,US-2017-139087,7/17/2017 0:00,7/22/2017 0:00,Second Class,DK-13375,Dennis Kane,Consumer,United States,Seattle,Washington,98105,West,OFF-ST-10000604,Office Supplies,Storage,Home/Office Personal File Carts,69.52,2,0.0,17.38,False
4063,US-2017-122182,3/10/2017 0:00,3/14/2017 0:00,Standard Class,BD-11770,Bryan Davis,Consumer,United States,Philadelphia,Pennsylvania,19143,East,TEC-AC-10002800,Technology,Accessories,Plantronics Audio 478 Stereo USB Headset,39.992,1,0.2,7.4985,False
4144,CA-2018-112725,1/30/2018 0:00,2/6/2018 0:00,Standard Class,EH-14125,Eugene Hildebrand,Home Office,United States,San Francisco,California,94110,West,OFF-AR-10003759,Office Supplies,Art,"Crayola Anti Dust Chalk, 12/Pack",12.74,7,0.0,5.733,False
1707,CA-2018-123491,10/30/2018 0:00,11/5/2018 0:00,Standard Class,JK-15205,Jamie Kunitz,Consumer,United States,San Francisco,California,94122,West,OFF-LA-10003077,Office Supplies,Labels,Avery 500,43.86,6,0.0,20.6142,False
9210,CA-2018-142776,12/11/2018 0:00,12/14/2018 0:00,Second Class,RS-19870,Roy Skaria,Home Office,United States,Burlington,Iowa,52601,Central,OFF-EN-10003160,Office Supplies,Envelopes,Pastel Pink Envelopes,7.28,1,0.0,3.4944,False
8840,CA-2015-153808,4/6/2015 0:00,4/10/2015 0:00,Second Class,FH-14275,Frank Hawley,Corporate,United States,Los Angeles,California,90004,West,OFF-BI-10002794,Office Supplies,Binders,"Avery Trapezoid Ring Binder, 3"" Capacity, Black, 1040 sheets",65.568,2,0.2,23.7684,False
7811,CA-2017-134334,2/14/2017 0:00,2/15/2017 0:00,First Class,DK-13090,Dave Kipp,Consumer,United States,Clinton,Maryland,20735,East,OFF-PA-10000791,Office Supplies,Paper,"Wirebound Message Books, Four 2 3/4 x 5 Forms per Page, 200 Sets per Book",4.77,1,0.0,2.1465,False
9629,CA-2015-118192,1/13/2015 0:00,1/18/2015 0:00,Standard Class,MM-17920,Michael Moore,Consumer,United States,Newark,Ohio,43055,East,OFF-PA-10002947,Office Supplies,Paper,Xerox 1923,37.408,7,0.2,13.0928,False
610,US-2015-105767,5/23/2015 0:00,5/27/2015 0:00,Standard Class,AR-10510,Andrew Roberts,Consumer,United States,Philadelphia,Pennsylvania,19134,East,TEC-PH-10003092,Technology,Phones,Motorola L804,55.188,2,0.4,-10.1178,False
6039,CA-2017-131205,9/4/2017 0:00,9/8/2017 0:00,Standard Class,AA-10645,Anna Andreadi,Consumer,United States,Georgetown,Kentucky,40324,South,OFF-ST-10002583,Office Supplies,Storage,Fellowes Neat Ideas Storage Cubes,129.92,4,0.0,5.1968,False
1325,CA-2015-107153,9/28/2015 0:00,10/3/2015 0:00,Standard Class,GZ-14545,George Zrebassa,Corporate,United States,Lawrence,Massachusetts,1841,East,OFF-ST-10001321,Office Supplies,Storage,"Decoflex Hanging Personal Folder File, Blue",46.26,3,0.0,12.4902,False
220,CA-2016-169397,12/24/2016 0:00,12/27/2016 0:00,First Class,JB-15925,Joni Blumstein,Consumer,United States,Dublin,Ohio,43017,East,OFF-FA-10000585,Office Supplies,Fasteners,OIC Bulk Pack Metal Binder Clips,5.584,2,0.2,1.8148,False
8998,CA-2018-122763,3/20/2018 0:00,3/20/2018 0:00,Same Day,HG-14845,Harry Greene,Consumer,United States,Houston,Texas,77041,Central,OFF-PA-10000474,Office Supplies,Paper,Easy-staple paper,56.704,2,0.2,19.1376,False
7885,CA-2018-118017,12/3/2018 0:00,12/6/2018 0:00,Second Class,LC-16870,Lena Cacioppo,Consumer,United States,Thornton,Colorado,80229,West,OFF-SU-10004782,Office Supplies,Supplies,"Elite 5"" Scissors",47.32,7,0.2,5.915,False
5423,US-2017-163258,12/29/2017 0:00,1/2/2018 0:00,Standard Class,PF-19225,Phillip Flathmann,Consumer,United States,Los Angeles,California,90045,West,OFF-BI-10000138,Office Supplies,Binders,Acco Translucent Poly Ring Binders,11.232,3,0.2,3.9312,False
3350,US-2017-157308,8/17/2017 0:00,8/21/2017 0:00,Standard Class,NM-18520,Neoma Murray,Consumer,United States,Seattle,Washington,98105,West,OFF-BI-10003712,Office Supplies,Binders,"Acco Pressboard Covers with Storage Hooks, 14 7/8"" x 11"", Light Blue",15.712,4,0.2,5.6956,False
9926,CA-2016-159534,3/20/2016 0:00,3/23/2016 0:00,First Class,DH-13075,Dave Hallsten,Corporate,United States,New York City,New York,10035,East,OFF-BI-10003656,Office Supplies,Binders,Fellowes PB200 Plastic Comb Binding Machine,1087.936,8,0.2,353.5792,False
2893,CA-2018-139913,10/23/2018 0:00,10/29/2018 0:00,Standard Class,JC-16105,Julie Creighton,Corporate,United States,Rochester,New York,14609,East,OFF-PA-10003739,Office Supplies,Paper,Xerox 1969,11.56,2,0.0,5.6644,False
6592,CA-2016-103716,4/30/2016 0:00,5/6/2016 0:00,Standard Class,KB-16585,Ken Black,Corporate,United States,San Francisco,California,94110,West,OFF-AR-10000658,Office Supplies,Art,Newell 324,34.65,3,0.0,9.702,False
379,CA-2016-130792,4/28/2016 0:00,5/5/2016 0:00,Standard Class,RA-19915,Russell Applegate,Consumer,United States,Houston,Texas,77095,Central,OFF-AP-10000696,Office Supplies,Appliances,Holmes Odor Grabber,8.652,3,0.8,-20.3322,False
9071,CA-2018-147550,12/4/2018 0:00,12/5/2018 0:00,First Class,KE-16420,Katrina Edelman,Corporate,United States,Philadelphia,Pennsylvania,19134,East,FUR-FU-10001918,Furniture,Furnishings,C-Line Cubicle Keepers Polyproplyene Holder With Velcro Backings,11.352,3,0.2,2.6961,False
5221,CA-2015-140487,6/14/2015 0:00,6/20/2015 0:00,Standard Class,SR-20425,Sharelle Roach,Home Office,United States,Detroit,Michigan,48234,Central,FUR-BO-10000711,Furniture,Bookcases,"Hon Metal Bookcases, Gray",212.94,3,0.0,57.4938,False
257,US-2016-159982,11/28/2016 0:00,12/4/2016 0:00,Standard Class,DR-12880,Dan Reichenbach,Corporate,United States,Chicago,Illinois,60623,Central,OFF-ST-10001590,Office Supplies,Storage,"Tenex Personal Project File with Scoop Front Design, Black",53.92,5,0.2,4.044,False
6343,CA-2016-146255,3/7/2016 0:00,3/10/2016 0:00,First Class,EM-14140,Eugene Moren,Home Office,United States,Newark,Delaware,19711,East,TEC-AC-10004469,Technology,Accessories,Microsoft Sculpt Comfort Mouse,119.85,3,0.0,52.734,False
1484,CA-2018-101210,8/25/2018 0:00,8/28/2018 0:00,Second Class,DW-13540,Don Weiss,Consumer,United States,Jackson,Tennessee,38301,South,OFF-PA-10000130,Office Supplies,Paper,Xerox 199,3.424,1,0.2,1.07,False
7507,CA-2015-115889,11/2/2015 0:00,11/6/2015 0:00,Standard Class,SH-20395,Shahid Hopkins,Consumer,United States,San Francisco,California,94122,West,TEC-PH-10001615,Technology,Phones,AT&T CL82213,46.384,2,0.2,5.2182,False
4843,CA-2018-118402,9/29/2018 0:00,10/4/2018 0:00,Standard Class,JO-15280,Jas O'Carroll,Consumer,United States,Memphis,Tennessee,38109,South,OFF-ST-10001418,Office Supplies,Storage,Carina Media Storage Towers in Natural & Black,243.92,5,0.2,-54.882,False
2029,CA-2016-117961,11/26/2016 0:00,11/30/2016 0:00,Standard Class,GP-14740,Guy Phonely,Corporate,United States,Leominster,Massachusetts,1453,East,OFF-BI-10000343,Office Supplies,Binders,"Pressboard Covers with Storage Hooks, 9 1/2"" x 11"", Light Blue",14.73,3,0.0,6.9231,False
4735,CA-2017-120530,4/7/2017 0:00,4/12/2017 0:00,Standard Class,Dl-13600,Dorris liebe,Corporate,United States,New York City,New York,10035,East,FUR-CH-10000454,Furniture,Chairs,"Hon Deluxe Fabric Upholstered Stacking Chairs, Rounded Back",658.746,3,0.1,146.388,False
8626,CA-2016-156118,12/8/2016 0:00,12/12/2016 0:00,Standard Class,HG-14965,Henry Goldwyn,Corporate,United States,Colorado Springs,Colorado,80906,West,OFF-PA-10000533,Office Supplies,Paper,Southworth Parchment Paper & Envelopes,15.696,3,0.2,5.1012,False
8401,CA-2016-110814,12/5/2016 0:00,12/9/2016 0:00,Second Class,BD-11635,Brian Derr,Consumer,United States,New York City,New York,10009,East,OFF-BI-10002026,Office Supplies,Binders,Avery Arch Ring Binders,232.4,5,0.2,78.435,False
310,CA-2017-142902,9/12/2017 0:00,9/14/2017 0:00,Second Class,BP-11185,Ben Peterman,Corporate,United States,Arvada,Colorado,80004,West,FUR-FU-10001918,Furniture,Furnishings,C-Line Cubicle Keepers Polyproplyene Holder With Velcro Backings,15.136,4,0.2,3.5948,False
4933,CA-2016-106978,9/28/2016 0:00,10/4/2016 0:00,Standard Class,ZC-21910,Zuschuss Carroll,Consumer,United States,Aurora,Colorado,80013,West,OFF-EN-10004483,Office Supplies,Envelopes,"#10 White Business Envelopes,4 1/8 x 9 1/2",12.536,1,0.2,4.2309,False
290,CA-2017-110772,11/20/2017 0:00,11/24/2017 0:00,Second Class,NZ-18565,Nick Zandusky,Home Office,United States,Columbus,Ohio,43229,East,OFF-FA-10002983,Office Supplies,Fasteners,Advantus SlideClip Paper Clips,19.096,7,0.2,6.6836,False
6811,CA-2018-156237,9/14/2018 0:00,9/15/2018 0:00,First Class,PS-18760,Pamela Stobb,Consumer,United States,Philadelphia,Pennsylvania,19140,East,TEC-MA-10002930,Technology,Machines,Ricoh - Ink Collector Unit for GX3000 Series Printers,12.585,1,0.7,-18.0385,False
6364,CA-2018-110443,11/21/2018 0:00,11/25/2018 0:00,Standard Class,CK-12205,Chloris Kastensmidt,Consumer,United States,Renton,Washington,98059,West,TEC-MA-10002073,Technology,Machines,"3D Systems Cube Printer, 2nd Generation, White",1039.992,1,0.2,103.9992,False
9871,CA-2015-114195,11/1/2015 0:00,11/3/2015 0:00,First Class,EA-14035,Erin Ashbrook,Corporate,United States,Mason,Ohio,45040,East,OFF-BI-10001658,Office Supplies,Binders,GBC Standard Therm-A-Bind Covers,22.428,3,0.7,-17.9424,False
5892,CA-2017-146157,11/21/2017 0:00,11/26/2017 0:00,Standard Class,RD-19720,Roger Demir,Consumer,United States,Chicago,Illinois,60610,Central,OFF-ST-10001590,Office Supplies,Storage,"Tenex Personal Project File with Scoop Front Design, Black",21.568,2,0.2,1.6176,False
1943,CA-2018-144064,8/29/2018 0:00,9/1/2018 0:00,First Class,CP-12085,Cathy Prescott,Corporate,United States,Quincy,Illinois,62301,Central,OFF-ST-10004507,Office Supplies,Storage,Advantus Rolling Storage Box,27.44,2,0.2,2.401,False
8572,CA-2017-162222,4/3/2017 0:00,4/3/2017 0:00,Same Day,SR-20740,Steven Roelle,Home Office,United States,Dallas,Texas,75081,Central,OFF-PA-10003893,Office Supplies,Paper,Xerox 1962,10.272,3,0.2,3.21,False
2226,CA-2017-106383,3/19/2017 0:00,3/21/2017 0:00,Second Class,BT-11440,Bobby Trafton,Consumer,United States,Littleton,Colorado,80122,West,FUR-BO-10002202,Furniture,Bookcases,"Atlantic Metals Mobile 2-Shelf Bookcases, Custom Colors",72.294,1,0.7,-98.8018,False
6209,CA-2018-148138,9/29/2018 0:00,10/3/2018 0:00,Standard Class,ME-18010,Michelle Ellison,Corporate,United States,Marion,Ohio,43302,East,OFF-ST-10000563,Office Supplies,Storage,Fellowes Bankers Box Stor/Drawer Steel Plus,51.168,2,0.2,-6.396,False
807,CA-2015-134313,11/1/2015 0:00,11/7/2015 0:00,Standard Class,RA-19915,Russell Applegate,Consumer,United States,Denver,Colorado,80219,West,TEC-PH-10001795,Technology,Phones,ClearOne CHATAttach 160 - speaker phone,1983.968,4,0.2,247.996,False
5347,CA-2018-108539,3/21/2018 0:00,3/23/2018 0:00,Second Class,SC-20725,Steven Cartwright,Consumer,United States,Los Angeles,California,90045,West,OFF-BI-10003981,Office Supplies,Binders,"Avery Durable Plastic 1"" Binders",10.896,3,0.2,3.9498,False
8160,CA-2017-120803,3/9/2017 0:00,3/13/2017 0:00,Standard Class,RB-19465,Rick Bensley,Home Office,United States,Milford,Connecticut,6460,East,TEC-AC-10004469,Technology,Accessories,Microsoft Sculpt Comfort Mouse,199.75,5,0.0,87.89,False
1015,US-2016-126214,12/21/2016 0:00,12/24/2016 0:00,Second Class,JS-15880,John Stevenson,Consumer,United States,Seattle,Washington,98103,West,TEC-AC-10003198,Technology,Accessories,Enermax Acrylux Wireless Keyboard,99.6,1,0.0,36.852,False
7170,CA-2015-117464,7/22/2015 0:00,7/24/2015 0:00,Second Class,NP-18325,Naresj Patel,Consumer,United States,San Francisco,California,94122,West,FUR-TA-10004767,Furniture,Tables,Safco Drafting Table,170.352,3,0.2,19.1646,False
4486,CA-2017-109365,11/3/2017 0:00,11/8/2017 0:00,Standard Class,XP-21865,Xylona Preis,Consumer,United States,Los Angeles,California,90049,West,OFF-PA-10000477,Office Supplies,Paper,Xerox 22,19.44,3,0.0,9.3312,False
3724,US-2015-169789,12/30/2015 0:00,1/4/2016 0:00,Standard Class,MF-17665,Maureen Fritzler,Corporate,United States,Phoenix,Arizona,85023,West,OFF-BI-10004600,Office Supplies,Binders,Ibico Ibimaster 300 Manual Binding System,551.985,5,0.7,-459.9875,False
3396,US-2018-148362,7/1/2018 0:00,7/8/2018 0:00,Standard Class,KF-16285,Karen Ferguson,Home Office,United States,Indianapolis,Indiana,46203,Central,OFF-ST-10001128,Office Supplies,Storage,"Carina Mini System Audio Rack, Model AR050B",443.92,4,0.0,13.3176,False
411,CA-2018-117457,12/8/2018 0:00,12/12/2018 0:00,Standard Class,KH-16510,Keith Herrera,Consumer,United States,San Francisco,California,94110,West,OFF-LA-10003766,Office Supplies,Labels,Self-Adhesive Removable Labels,28.35,9,0.0,13.608,False
2009,CA-2015-116407,11/15/2015 0:00,11/21/2015 0:00,Standard Class,JF-15190,Jamie Frazer,Consumer,United States,Johnson City,Tennessee,37604,South,OFF-AR-10001315,Office Supplies,Art,Newell 310,4.224,3,0.2,0.4752,False
3636,CA-2017-145177,11/10/2017 0:00,11/14/2017 0:00,Standard Class,PP-18955,Paul Prost,Home Office,United States,Springfield,Ohio,45503,East,OFF-PA-10004039,Office Supplies,Paper,Xerox 1882,89.568,2,0.2,32.4684,False
8358,CA-2015-110555,4/11/2015 0:00,4/18/2015 0:00,Standard Class,MM-18055,Michelle Moray,Consumer,United States,Great Falls,Montana,59405,West,OFF-ST-10000876,Office Supplies,Storage,Eldon Simplefile Box Office,87.08,7,0.0,24.3824,False
995,CA-2015-117639,5/21/2015 0:00,5/25/2015 0:00,Standard Class,MW-18235,Mitch Willingham,Corporate,United States,Virginia Beach,Virginia,23464,South,OFF-BI-10003925,Office Supplies,Binders,Fellowes PB300 Plastic Comb Binding Machine,2715.93,7,0.0,1276.4871,False
775,CA-2018-104220,1/30/2018 0:00,2/5/2018 0:00,Standard Class,BV-11245,Benjamin Venier,Corporate,United States,Des Moines,Iowa,50315,Central,OFF-AR-10004648,Office Supplies,Art,Boston 19500 Mighty Mite Electric Pencil Sharpener,40.3,2,0.0,10.881,False
5304,US-2015-139500,11/16/2015 0:00,11/20/2015 0:00,Standard Class,AB-10165,Alan Barnes,Consumer,United States,Decatur,Illinois,62521,Central,FUR-CH-10002017,Furniture,Chairs,SAFCO Optional Arm Kit for Workspace Cribbage Stacking Chair,37.296,2,0.3,-1.0656,False
851,CA-2017-152534,6/20/2017 0:00,6/25/2017 0:00,Second Class,DP-13105,Dave Poirier,Corporate,United States,Salinas,California,93905,West,OFF-AR-10002335,Office Supplies,Art,DIXON Oriole Pencils,5.16,2,0.0,1.3416,False
5077,CA-2015-134572,4/20/2015 0:00,4/22/2015 0:00,Second Class,SV-20365,Seth Vernon,Consumer,United States,Houston,Texas,77070,Central,OFF-ST-10004634,Office Supplies,Storage,"Personal Folder Holder, Ebony",44.84,5,0.2,5.605,False
9193,CA-2016-141810,11/2/2016 0:00,11/7/2016 0:00,Standard Class,BB-10990,Barry Blumstein,Corporate,United States,San Antonio,Texas,78207,Central,OFF-BI-10001524,Office Supplies,Binders,GBC Premium Transparent Covers with Diagonal Lined Pattern,29.372,7,0.8,-46.9952,False
596,CA-2015-131450,8/8/2015 0:00,8/15/2015 0:00,Standard Class,LR-16915,Lena Radford,Consumer,United States,San Diego,California,92024,West,TEC-CO-10004115,Technology,Copiers,Sharp AL-1530CS Digital Copier,1199.976,3,0.2,434.9913,False
3358,CA-2018-100335,9/7/2018 0:00,9/13/2018 0:00,Standard Class,NF-18595,Nicole Fjeld,Home Office,United States,Chicago,Illinois,60610,Central,OFF-PA-10001685,Office Supplies,Paper,Easy-staple paper,73.008,9,0.2,26.4654,False
147,CA-2015-110072,10/22/2015 0:00,10/28/2015 0:00,Standard Class,MG-17680,Maureen Gastineau,Home Office,United States,Newark,Ohio,43055,East,FUR-FU-10000521,Furniture,Furnishings,"Seth Thomas 14"" Putty-Colored Wall Clock",93.888,4,0.2,12.9096,False
3504,CA-2018-125115,4/10/2018 0:00,4/10/2018 0:00,Same Day,RD-19930,Russell D'Ascenzo,Consumer,United States,Austin,Texas,78745,Central,TEC-AC-10001714,Technology,Accessories,Logitech MX Performance Wireless Mouse,95.736,3,0.2,20.3439,False
6882,CA-2016-137113,12/1/2016 0:00,12/5/2016 0:00,Second Class,TW-21025,Tamara Willingham,Home Office,United States,Seattle,Washington,98105,West,FUR-TA-10001705,Furniture,Tables,Bush Advantage Collection Round Conference Table,1913.4,9,0.0,401.814,False
7836,CA-2016-106257,4/13/2016 0:00,4/17/2016 0:00,Second Class,EB-14110,Eugene Barchas,Consumer,United States,Los Angeles,California,90045,West,TEC-PH-10001494,Technology,Phones,Polycom CX600 IP Phone VoIP phone,479.92,2,0.2,41.993,False
4827,US-2018-136707,11/12/2018 0:00,11/15/2018 0:00,First Class,JE-15610,Jim Epp,Corporate,United States,Los Angeles,California,90036,West,OFF-BI-10003460,Office Supplies,Binders,Acco 3-Hole Punch,14.016,4,0.2,4.9056,False
3565,CA-2017-130029,7/3/2017 0:00,7/6/2017 0:00,First Class,GT-14755,Guy Thornton,Consumer,United States,Los Angeles,California,90049,West,OFF-PA-10000552,Office Supplies,Paper,Xerox 200,12.96,2,0.0,6.2208,False
7145,US-2018-141558,3/11/2018 0:00,3/16/2018 0:00,Standard Class,MH-17290,Marc Harrigan,Home Office,United States,Philadelphia,Pennsylvania,19140,East,OFF-BI-10002794,Office Supplies,Binders,"Avery Trapezoid Ring Binder, 3"" Capacity, Black, 1040 sheets",12.294,1,0.7,-8.6058,False
6875,CA-2015-124394,10/17/2015 0:00,10/22/2015 0:00,Second Class,TB-21520,Tracy Blumstein,Consumer,United States,Beaumont,Texas,77705,Central,TEC-AC-10001314,Technology,Accessories,Case Logic 2.4GHz Wireless Keyboard,119.976,3,0.2,-17.9964,False
9428,CA-2015-167486,11/27/2015 0:00,12/1/2015 0:00,Standard Class,JO-15145,Jack O'Briant,Corporate,United States,Buffalo,New York,14215,East,FUR-FU-10003268,Furniture,Furnishings,Eldon Radial Chair Mat for Low to Medium Pile Carpets,199.9,5,0.0,39.98,False
4115,CA-2016-116687,5/2/2016 0:00,5/7/2016 0:00,Standard Class,NC-18625,Noah Childs,Corporate,United States,Houston,Texas,77095,Central,TEC-PH-10001750,Technology,Phones,Samsung Rugby III,158.376,3,0.2,13.8579,False
7785,CA-2017-162236,11/4/2017 0:00,11/6/2017 0:00,Second Class,ER-13855,Elpida Rittenbach,Corporate,United States,Charlotte,North Carolina,28205,South,OFF-SU-10003505,Office Supplies,Supplies,Premier Electric Letter Opener,185.376,2,0.2,-34.758,False
451,CA-2017-166674,4/1/2017 0:00,4/3/2017 0:00,Second Class,RB-19360,Raymond Buch,Consumer,United States,Auburn,New York,13021,East,OFF-AR-10003156,Office Supplies,Art,50 Colored Long Pencils,30.48,3,0.0,7.9248,False
8617,CA-2017-165918,9/10/2017 0:00,9/14/2017 0:00,Standard Class,BD-11770,Bryan Davis,Consumer,United States,Edmonds,Washington,98026,West,OFF-PA-10000100,Office Supplies,Paper,Xerox 1945,81.98,2,0.0,40.1702,False
146,CA-2016-110744,9/7/2016 0:00,9/12/2016 0:00,Standard Class,HA-14920,Helen Andreada,Consumer,United States,Pasadena,California,91104,West,OFF-ST-10003656,Office Supplies,Storage,Safco Industrial Wire Shelving,671.93,7,0.0,20.1579,False
9603,CA-2015-130155,5/19/2015 0:00,5/22/2015 0:00,First Class,TD-20995,Tamara Dahlen,Consumer,United States,Virginia Beach,Virginia,23464,South,OFF-SU-10004737,Office Supplies,Supplies,Acme Design Stainless Steel Bent Scissors,34.2,5,0.0,9.234,False
1590,CA-2017-109911,5/12/2017 0:00,5/16/2017 0:00,Standard Class,VG-21805,Vivek Grady,Corporate,United States,Virginia Beach,Virginia,23464,South,OFF-AR-10001662,Office Supplies,Art,Rogers Handheld Barrel Pencil Sharpener,10.96,4,0.0,2.9592,False
3811,CA-2016-113628,11/12/2016 0:00,11/19/2016 0:00,Standard Class,AH-10690,Anna Häberlin,Corporate,United States,Plantation,Florida,33317,South,TEC-PH-10000441,Technology,Phones,VTech DS6151,100.792,1,0.2,10.0792,False
9826,US-2015-164406,8/15/2015 0:00,8/19/2015 0:00,Standard Class,BD-11605,Brian Dahlen,Consumer,United States,San Francisco,California,94122,West,OFF-BI-10003638,Office Supplies,Binders,GBC Durable Plastic Covers,46.44,3,0.2,15.093,False
7036,CA-2018-119494,11/9/2018 0:00,11/13/2018 0:00,Standard Class,JE-15610,Jim Epp,Corporate,United States,San Diego,California,92105,West,FUR-CH-10004675,Furniture,Chairs,"Lifetime Advantage Folding Chairs, 4/Carton",523.392,3,0.2,52.3392,False
3058,CA-2018-131492,10/19/2018 0:00,10/24/2018 0:00,Second Class,HH-15010,Hilary Holden,Corporate,United States,San Francisco,California,94110,West,OFF-LA-10001641,Office Supplies,Labels,Avery 518,31.5,10,0.0,15.12,False
7260,CA-2017-152730,5/30/2017 0:00,6/4/2017 0:00,Standard Class,EM-14140,Eugene Moren,Home Office,United States,Superior,Wisconsin,54880,Central,OFF-PA-10004888,Office Supplies,Paper,Xerox 217,45.36,7,0.0,21.7728,False
9363,CA-2018-111591,3/21/2018 0:00,3/25/2018 0:00,Standard Class,PS-18970,Paul Stevenson,Home Office,United States,Seattle,Washington,98105,West,OFF-FA-10004838,Office Supplies,Fasteners,"Super Bands, 12/Pack",13.02,7,0.0,0.3906,False
1725,CA-2016-127453,12/19/2016 0:00,12/20/2016 0:00,First Class,JK-15370,Jay Kimmel,Consumer,United States,Philadelphia,Pennsylvania,19143,East,OFF-AP-10000828,Office Supplies,Appliances,Avanti 4.4 Cu. Ft. Refrigerator,434.352,3,0.2,43.4352,False
8104,CA-2016-149846,5/22/2016 0:00,5/26/2016 0:00,Standard Class,SB-20185,Sarah Brown,Consumer,United States,Los Angeles,California,90045,West,OFF-ST-10002406,Office Supplies,Storage,Pizazz Global Quick File,104.79,7,0.0,29.3412,False
5256,CA-2016-125185,3/5/2016 0:00,3/7/2016 0:00,Second Class,AH-10195,Alan Haines,Corporate,United States,Bethlehem,Pennsylvania,18018,East,FUR-FU-10003247,Furniture,Furnishings,36X48 HARDFLOOR CHAIRMAT,33.568,2,0.2,-5.4548,False
4580,US-2015-150126,7/27/2015 0:00,8/2/2015 0:00,Standard Class,AS-10045,Aaron Smayling,Corporate,United States,New York City,New York,10035,East,OFF-PA-10002709,Office Supplies,Paper,Xerox 1956,65.78,11,0.0,32.2322,False
9704,CA-2018-147032,7/31/2018 0:00,8/4/2018 0:00,Standard Class,LB-16795,Laurel Beltran,Home Office,United States,Wilmington,Delaware,19805,East,OFF-BI-10003656,Office Supplies,Binders,Fellowes PB200 Plastic Comb Binding Machine,849.95,5,0.0,390.977,False
7103,CA-2015-117478,9/21/2015 0:00,9/24/2015 0:00,First Class,LH-16750,Larry Hughes,Consumer,United States,Philadelphia,Pennsylvania,19140,East,OFF-BI-10000050,Office Supplies,Binders,"Angle-D Binders with Locking Rings, Label Holders",6.57,3,0.7,-5.037,False
3702,CA-2017-126543,1/9/2017 0:00,1/13/2017 0:00,Second Class,MF-17665,Maureen Fritzler,Corporate,United States,Toledo,Ohio,43615,East,FUR-FU-10002445,Furniture,Furnishings,"DAX Two-Tone Rosewood/Black Document Frame, Desktop, 5 x 7",15.168,2,0.2,3.792,False
2900,CA-2016-166464,9/12/2016 0:00,9/17/2016 0:00,Standard Class,PG-18895,Paul Gonzalez,Consumer,United States,New York City,New York,10035,East,TEC-CO-10000971,Technology,Copiers,Hewlett Packard 310 Color Digital Copier,479.984,2,0.2,59.998,False
2439,CA-2015-164210,11/18/2015 0:00,11/20/2015 0:00,Second Class,PW-19240,Pierre Wener,Consumer,United States,Louisville,Colorado,80027,West,OFF-PA-10002259,Office Supplies,Paper,"Geographics Note Cards, Blank, White, 8 1/2"" x 11""",35.808,4,0.2,12.5328,False
9886,CA-2015-112291,4/3/2015 0:00,4/8/2015 0:00,Standard Class,KE-16420,Katrina Edelman,Corporate,United States,Los Angeles,California,90008,West,TEC-AC-10000736,Technology,Accessories,Logitech G600 MMO Gaming Mouse,159.98,2,0.0,57.5928,False
6136,CA-2016-105613,10/18/2016 0:00,10/22/2016 0:00,Standard Class,KN-16705,Kristina Nunn,Home Office,United States,Mcallen,Texas,78501,Central,TEC-AC-10000521,Technology,Accessories,"Verbatim Slim CD and DVD Storage Cases, 50/Pack",27.696,3,0.2,3.462,False
7396,CA-2017-110975,12/25/2017 0:00,12/30/2017 0:00,Standard Class,DB-12970,Darren Budd,Corporate,United States,New York City,New York,10024,East,FUR-TA-10002958,Furniture,Tables,"Bevis Oval Conference Table, Walnut",313.176,2,0.4,-120.0508,False
929,CA-2016-115091,10/5/2016 0:00,10/9/2016 0:00,Standard Class,JJ-15760,Joel Jenkins,Home Office,United States,Springfield,Virginia,22153,South,OFF-AP-10000696,Office Supplies,Appliances,Holmes Odor Grabber,28.84,2,0.0,9.5172,False
4855,CA-2015-113320,12/12/2015 0:00,12/15/2015 0:00,Second Class,LH-17155,Logan Haushalter,Consumer,United States,Oakland,California,94601,West,OFF-ST-10000617,Office Supplies,Storage,Woodgrain Magazine Files by Perma,8.94,3,0.0,0.6258,False
2096,US-2017-146570,5/15/2017 0:00,5/20/2017 0:00,Standard Class,SN-20710,Steve Nguyen,Home Office,United States,Jackson,Mississippi,39212,South,OFF-BI-10001718,Office Supplies,Binders,GBC DocuBind P50 Personal Binding Machine,511.84,8,0.0,240.5648,False
1609,US-2017-115819,4/19/2017 0:00,4/24/2017 0:00,Second Class,JO-15280,Jas O'Carroll,Consumer,United States,Los Angeles,California,90049,West,OFF-PA-10002377,Office Supplies,Paper,"Adams Telephone Message Book W/Dividers/Space For Phone Numbers, 5 1/4""X8 1/2"", 200/Messages",22.72,4,0.0,10.224,False
2858,CA-2017-154690,8/15/2017 0:00,8/17/2017 0:00,Second Class,CC-12370,Christopher Conant,Consumer,United States,Fayetteville,North Carolina,28314,South,FUR-CH-10000988,Furniture,Chairs,Hon Olson Stacker Stools,225.296,2,0.2,22.5296,False
5445,CA-2016-148712,4/17/2016 0:00,4/23/2016 0:00,Standard Class,JM-15535,Jessica Myrick,Consumer,United States,New York City,New York,10035,East,OFF-AR-10000614,Office Supplies,Art,Barrel Sharpener,10.71,3,0.0,2.7846,False
7490,CA-2018-157196,11/5/2018 0:00,11/9/2018 0:00,Standard Class,AA-10645,Anna Andreadi,Consumer,United States,San Diego,California,92105,West,OFF-PA-10003172,Office Supplies,Paper,Xerox 1996,12.96,2,0.0,6.2208,False
4577,CA-2017-139395,12/12/2017 0:00,12/18/2017 0:00,Standard Class,MG-17650,Matthew Grinstein,Home Office,United States,Jackson,Michigan,49201,Central,OFF-ST-10000885,Office Supplies,Storage,Fellowes Desktop Hanging File Manager,26.86,2,0.0,6.715,False
1835,CA-2018-162691,8/1/2018 0:00,8/7/2018 0:00,Standard Class,AS-10045,Aaron Smayling,Corporate,United States,Austin,Texas,78745,Central,OFF-PA-10003729,Office Supplies,Paper,Xerox 1998,36.288,7,0.2,12.7008,False
8451,CA-2018-125451,10/23/2018 0:00,10/24/2018 0:00,First Class,AH-10075,Adam Hart,Corporate,United States,Cranston,Rhode Island,2920,East,OFF-AP-10002906,Office Supplies,Appliances,Hoover Replacement Belt for Commercial Guardsman Heavy-Duty Upright Vacuum,2.22,1,0.0,0.666,False
9408,CA-2018-162789,9/22/2018 0:00,9/24/2018 0:00,Second Class,LC-17140,Logan Currie,Consumer,United States,New York City,New York,10035,East,TEC-AC-10002842,Technology,Accessories,WD My Passport Ultra 2TB Portable External Hard Drive,1071.0,9,0.0,171.36,False
6099,CA-2018-100111,9/20/2018 0:00,9/26/2018 0:00,Standard Class,SV-20365,Seth Vernon,Consumer,United States,New York City,New York,10035,East,OFF-FA-10000304,Office Supplies,Fasteners,Advantus Push Pins,4.36,2,0.0,1.7876,False
1532,CA-2018-159884,8/31/2018 0:00,9/5/2018 0:00,Standard Class,JF-15490,Jeremy Farry,Consumer,United States,Tempe,Arizona,85281,West,OFF-ST-10000344,Office Supplies,Storage,"Neat Ideas Personal Hanging Folder Files, Black",10.744,1,0.2,0.8058,False
7197,CA-2015-116785,4/26/2015 0:00,4/30/2015 0:00,Standard Class,MH-17290,Marc Harrigan,Home Office,United States,Los Angeles,California,90036,West,OFF-AR-10003504,Office Supplies,Art,Newell 347,21.4,5,0.0,6.206,False
234,US-2018-100930,4/7/2018 0:00,4/12/2018 0:00,Standard Class,CS-12400,Christopher Schild,Home Office,United States,Tampa,Florida,33614,South,OFF-BI-10001679,Office Supplies,Binders,GBC Instant Index System for Binding Systems,5.328,2,0.7,-3.552,False
1394,CA-2018-124828,7/3/2018 0:00,7/4/2018 0:00,First Class,YS-21880,Yana Sorensen,Corporate,United States,Burlington,North Carolina,27217,South,OFF-AR-10003514,Office Supplies,Art,4009 Highlighters by Sanford,9.552,3,0.2,1.5522,False
351,CA-2017-129714,9/1/2017 0:00,9/3/2017 0:00,First Class,AB-10060,Adam Bellavance,Home Office,United States,New York City,New York,10009,East,OFF-PA-10001970,Office Supplies,Paper,Xerox 1881,24.56,2,0.0,11.5432,False
4854,CA-2015-113320,12/12/2015 0:00,12/15/2015 0:00,Second Class,LH-17155,Logan Haushalter,Consumer,United States,Oakland,California,94601,West,FUR-FU-10004270,Furniture,Furnishings,"Eldon Image Series Desk Accessories, Burgundy",12.54,3,0.0,4.5144,False
2531,CA-2015-111500,8/17/2015 0:00,8/21/2015 0:00,Standard Class,DJ-13510,Don Jones,Corporate,United States,Little Rock,Arkansas,72209,South,OFF-PA-10000595,Office Supplies,Paper,Xerox 1929,114.2,5,0.0,52.532,False
1007,CA-2016-105312,11/6/2016 0:00,11/9/2016 0:00,First Class,MT-17815,Meg Tillman,Consumer,United States,Scottsdale,Arizona,85254,West,OFF-EN-10002600,Office Supplies,Envelopes,"Redi-Strip #10 Envelopes, 4 1/8 x 9 1/2",7.08,3,0.2,2.478,False
3674,CA-2017-104969,4/8/2017 0:00,4/14/2017 0:00,Standard Class,EH-14125,Eugene Hildebrand,Home Office,United States,Troy,Ohio,45373,East,OFF-BI-10004224,Office Supplies,Binders,Catalog Binders with Expanding Posts,121.104,6,0.7,-100.92,False
5834,CA-2017-142895,7/21/2017 0:00,7/26/2017 0:00,Standard Class,BP-11290,Beth Paige,Consumer,United States,Concord,North Carolina,28027,South,FUR-CH-10002961,Furniture,Chairs,"Leather Task Chair, Black",363.92,5,0.2,0.0,False
1022,CA-2016-124450,4/27/2016 0:00,5/3/2016 0:00,Standard Class,GT-14710,Greg Tran,Consumer,United States,Washington,District of Columbia,20016,East,FUR-CH-10000309,Furniture,Chairs,Global Comet Stacking Arm Chair,1267.53,3,0.0,316.8825,False
9457,CA-2018-151855,5/27/2018 0:00,6/3/2018 0:00,Standard Class,BW-11110,Bart Watters,Corporate,United States,Greensboro,North Carolina,27405,South,TEC-AC-10002380,Technology,Accessories,Sony 8GB Class 10 Micro SDHC R40 Memory Card,27.192,3,0.2,0.3399,False
9798,CA-2016-128608,1/12/2016 0:00,1/17/2016 0:00,Standard Class,CS-12490,Cindy Schnelling,Corporate,United States,Toledo,Ohio,43615,East,TEC-PH-10004977,Technology,Phones,GE 30524EE4,235.188,2,0.4,-43.1178,False
9047,CA-2018-137463,12/16/2018 0:00,12/20/2018 0:00,Second Class,KM-16225,Kalyca Meade,Corporate,United States,Sunnyvale,California,94086,West,TEC-AC-10000057,Technology,Accessories,Microsoft Natural Ergonomic Keyboard 4000,149.95,5,0.0,31.4895,False
6284,CA-2017-100944,9/24/2017 0:00,9/28/2017 0:00,Standard Class,EH-13765,Edward Hooks,Corporate,United States,Los Angeles,California,90049,West,OFF-EN-10001453,Office Supplies,Envelopes,"Tyvek Interoffice Envelopes, 9 1/2"" x 12 1/2"", 100/Box",304.9,5,0.0,143.303,False
3735,CA-2018-168193,3/6/2018 0:00,3/11/2018 0:00,Second Class,RM-19750,Roland Murray,Consumer,United States,New York City,New York,10011,East,OFF-PA-10002254,Office Supplies,Paper,Xerox 1883,26.38,1,0.0,12.1348,False
6969,CA-2016-110765,10/16/2016 0:00,10/20/2016 0:00,Second Class,MP-17965,Michael Paige,Corporate,United States,New York City,New York,10011,East,TEC-PH-10004165,Technology,Phones,Mitel MiVoice 5330e IP Phone,824.97,3,0.0,214.4922,False
2560,CA-2016-147788,5/31/2016 0:00,6/4/2016 0:00,Standard Class,TM-21010,Tamara Manning,Consumer,United States,Orem,Utah,84057,West,OFF-LA-10003766,Office Supplies,Labels,Self-Adhesive Removable Labels,15.75,5,0.0,7.56,False
4433,CA-2017-168893,11/3/2017 0:00,11/8/2017 0:00,Second Class,AP-10915,Arthur Prichep,Consumer,United States,Henderson,Kentucky,42420,South,FUR-FU-10002885,Furniture,Furnishings,Magna Visual Magnetic Picture Hangers,24.1,5,0.0,9.158,False
4546,CA-2016-126557,7/12/2016 0:00,7/17/2016 0:00,Second Class,RL-19615,Rob Lucas,Consumer,United States,Chicago,Illinois,60610,Central,TEC-PH-10000526,Technology,Phones,Vtech CS6719,537.544,7,0.2,53.7544,False
8347,US-2016-115238,4/30/2016 0:00,5/4/2016 0:00,Standard Class,JW-15220,Jane Waco,Corporate,United States,Lawrence,Massachusetts,1841,East,FUR-FU-10002960,Furniture,Furnishings,"Eldon 200 Class Desk Accessories, Burgundy",31.4,5,0.0,13.188,False
2101,US-2015-140116,3/10/2015 0:00,3/17/2015 0:00,Standard Class,KT-16480,Kean Thornton,Consumer,United States,Denver,Colorado,80219,West,OFF-ST-10000078,Office Supplies,Storage,Tennsco 6- and 18-Compartment Lockers,636.408,3,0.2,-15.9102,False
4024,CA-2018-130764,10/27/2018 0:00,10/28/2018 0:00,First Class,JO-15145,Jack O'Briant,Corporate,United States,San Francisco,California,94110,West,FUR-BO-10003034,Furniture,Bookcases,"O'Sullivan Elevations Bookcase, Cherry Finish",556.665,5,0.15,6.549,False
3039,US-2016-123960,6/11/2016 0:00,6/16/2016 0:00,Standard Class,BD-11605,Brian Dahlen,Consumer,United States,Monroe,Louisiana,71203,South,FUR-FU-10004666,Furniture,Furnishings,DAX Clear Channel Poster Frame,29.16,2,0.0,10.7892,False
262,US-2018-155299,6/8/2018 0:00,6/12/2018 0:00,Standard Class,Dl-13600,Dorris liebe,Corporate,United States,Pasadena,Texas,77506,Central,OFF-AP-10002203,Office Supplies,Appliances,Eureka Disposable Bags for Sanitaire Vibra Groomer I Upright Vac,1.624,2,0.8,-4.466,False
7936,CA-2018-166093,8/17/2018 0:00,8/24/2018 0:00,Standard Class,RW-19540,Rick Wilson,Corporate,United States,Brentwood,California,94513,West,OFF-PA-10003893,Office Supplies,Paper,Xerox 1962,8.56,2,0.0,3.852,False
6725,CA-2017-128811,9/12/2017 0:00,9/16/2017 0:00,Standard Class,SF-20200,Sarah Foster,Consumer,United States,Seattle,Washington,98103,West,OFF-FA-10000585,Office Supplies,Fasteners,OIC Bulk Pack Metal Binder Clips,10.47,3,0.0,4.8162,False
1831,CA-2018-145884,10/21/2018 0:00,10/21/2018 0:00,Same Day,SL-20155,Sara Luxemburg,Home Office,United States,Muskogee,Oklahoma,74403,Central,TEC-PH-10000895,Technology,Phones,Polycom VVX 310 VoIP phone,1439.92,8,0.0,374.3792,False
8004,CA-2015-143210,12/1/2015 0:00,12/3/2015 0:00,First Class,AA-10645,Anna Andreadi,Consumer,United States,Lowell,Massachusetts,1852,East,TEC-PH-10004434,Technology,Phones,Cisco IP Phone 7961G VoIP phone - Dark gray,271.9,2,0.0,78.851,False
7982,CA-2015-113383,9/10/2015 0:00,9/13/2015 0:00,First Class,SF-20065,Sandra Flanagan,Consumer,United States,Clifton,New Jersey,7011,East,OFF-AP-10004532,Office Supplies,Appliances,Kensington 6 Outlet Guardian Standard Surge Protector,81.92,4,0.0,22.1184,False
9318,CA-2018-124940,2/21/2018 0:00,2/26/2018 0:00,Standard Class,DK-13090,Dave Kipp,Consumer,United States,Carrollton,Texas,75007,Central,TEC-AC-10002076,Technology,Accessories,Microsoft Natural Keyboard Elite,47.904,1,0.2,-2.994,False
7048,CA-2015-150581,4/8/2015 0:00,4/12/2015 0:00,Standard Class,NM-18445,Nathan Mautz,Home Office,United States,Concord,California,94521,West,TEC-AC-10001908,Technology,Accessories,Logitech Wireless Headset h800,399.96,4,0.0,139.986,False
5443,CA-2016-148712,4/17/2016 0:00,4/23/2016 0:00,Standard Class,JM-15535,Jessica Myrick,Consumer,United States,New York City,New York,10035,East,TEC-AC-10003198,Technology,Accessories,Enermax Acrylux Wireless Keyboard,99.6,1,0.0,36.852,False
686,CA-2015-157784,7/5/2015 0:00,7/8/2015 0:00,First Class,MC-17845,Michael Chen,Consumer,United States,Jackson,Mississippi,39212,South,TEC-AC-10003911,Technology,Accessories,NETGEAR AC1750 Dual Band Gigabit Smart WiFi Router,479.97,3,0.0,163.1898,False
8920,CA-2015-160276,4/2/2015 0:00,4/8/2015 0:00,Standard Class,AH-10690,Anna Häberlin,Corporate,United States,Virginia Beach,Virginia,23464,South,FUR-FU-10003192,Furniture,Furnishings,Luxo Adjustable Task Clamp Lamp,177.68,2,0.0,46.1968,False
1522,CA-2016-144806,12/6/2016 0:00,12/11/2016 0:00,Standard Class,GH-14425,Gary Hwang,Consumer,United States,Tucson,Arizona,85705,West,FUR-FU-10002253,Furniture,Furnishings,"Howard Miller 13"" Diameter Pewter Finish Round Wall Clock",206.112,6,0.2,48.9516,False
6217,CA-2016-161711,11/28/2016 0:00,12/3/2016 0:00,Standard Class,MC-17425,Mark Cousins,Corporate,United States,New York City,New York,10035,East,OFF-EN-10001539,Office Supplies,Envelopes,Staple envelope,62.24,8,0.0,29.2528,False
4407,CA-2017-100041,11/20/2017 0:00,11/25/2017 0:00,Standard Class,BF-10975,Barbara Fisher,Corporate,United States,Columbus,Indiana,47201,Central,OFF-PA-10001622,Office Supplies,Paper,"Ampad Poly Cover Wirebound Steno Book, 6"" x 9"" Assorted Colors, Gregg Ruled",9.08,2,0.0,4.086,False
5073,CA-2015-124478,8/8/2015 0:00,8/12/2015 0:00,Standard Class,MA-17560,Matt Abelman,Home Office,United States,Trenton,Michigan,48183,Central,TEC-PH-10001128,Technology,Phones,Motorola Droid Maxx,299.98,2,0.0,83.9944,False
9515,CA-2015-100293,3/14/2015 0:00,3/18/2015 0:00,Standard Class,NF-18475,Neil Französisch,Home Office,United States,Jacksonville,Florida,32216,South,OFF-PA-10000176,Office Supplies,Paper,Xerox 1887,91.056,6,0.2,31.8696,False
6740,CA-2015-144029,5/26/2015 0:00,5/31/2015 0:00,Standard Class,MM-18055,Michelle Moray,Consumer,United States,Chicago,Illinois,60623,Central,OFF-ST-10001837,Office Supplies,Storage,"SAFCO Mobile Desk Side File, Wire Frame",102.624,3,0.2,7.6968,False
4068,CA-2015-102673,11/1/2015 0:00,11/5/2015 0:00,Standard Class,KH-16630,Ken Heidel,Corporate,United States,Charlotte,North Carolina,28205,South,OFF-LA-10001771,Office Supplies,Labels,Avery 513,47.808,12,0.2,15.5376,False
3803,CA-2017-156503,10/14/2017 0:00,10/20/2017 0:00,Standard Class,NC-18415,Nathan Cano,Consumer,United States,Jacksonville,North Carolina,28540,South,OFF-PA-10002319,Office Supplies,Paper,Xerox 1944,93.024,3,0.2,33.7212,False
8887,CA-2015-107398,8/25/2015 0:00,8/30/2015 0:00,Standard Class,BS-11590,Brendan Sweed,Corporate,United States,Columbus,Ohio,43229,East,OFF-BI-10002103,Office Supplies,Binders,"Cardinal Slant-D Ring Binder, Heavy Gauge Vinyl",20.856,8,0.7,-16.6848,False
2646,CA-2015-131002,9/7/2015 0:00,9/12/2015 0:00,Second Class,TB-21400,Tom Boeckenhauer,Consumer,United States,Tulsa,Oklahoma,74133,Central,FUR-FU-10004270,Furniture,Furnishings,"Executive Impressions 13"" Clairmont Wall Clock",57.69,3,0.0,23.6529,False
7326,US-2018-128447,11/10/2018 0:00,11/17/2018 0:00,Standard Class,MC-17845,Michael Chen,Consumer,United States,Pasco,Washington,99301,West,OFF-AP-10004540,Office Supplies,Appliances,"Eureka The Boss Lite 10-Amp Upright Vacuum, Blue",400.8,5,0.0,112.224,False
2158,CA-2015-124646,6/22/2015 0:00,6/24/2015 0:00,First Class,DV-13465,Dianna Vittorini,Consumer,United States,Minneapolis,Minnesota,55407,Central,OFF-ST-10001469,Office Supplies,Storage,Fellowes Bankers Box Recycled Super Stor/Drawer,161.94,3,0.0,9.7164,False
8121,CA-2017-116722,11/11/2017 0:00,11/16/2017 0:00,Standard Class,LP-17080,Liz Pelletier,Consumer,United States,San Francisco,California,94110,West,FUR-CH-10004997,Furniture,Chairs,Hon Every-Day Series Multi-Task Chairs,451.152,3,0.2,0.0,False
4814,CA-2017-121370,11/14/2017 0:00,11/19/2017 0:00,Second Class,EB-14110,Eugene Barchas,Consumer,United States,Philadelphia,Pennsylvania,19134,East,FUR-FU-10002813,Furniture,Furnishings,"DAX Contemporary Wood Frame with Silver Metal Mat, Desktop, 11 x 14 Size",48.576,3,0.2,9.7152,False
6024,US-2018-128832,4/24/2018 0:00,4/27/2018 0:00,First Class,LS-16945,Linda Southworth,Corporate,United States,Providence,Rhode Island,2908,East,TEC-AC-10004855,Technology,Accessories,V7 USB Numeric Keypad,69.98,2,0.0,4.8986,False
551,CA-2016-113173,11/15/2016 0:00,11/17/2016 0:00,Second Class,DK-13225,Dean Katz,Corporate,United States,Chicago,Illinois,60653,Central,OFF-SU-10001935,Office Supplies,Supplies,Staple remover,8.72,5,0.2,-1.744,False
201,CA-2018-105074,6/24/2018 0:00,6/29/2018 0:00,Standard Class,MB-17305,Maria Bertelson,Consumer,United States,Akron,Ohio,44312,East,OFF-PA-10002666,Office Supplies,Paper,Southworth 25% Cotton Linen-Finish Paper & Envelopes,21.744,3,0.2,6.795,False
4688,CA-2017-101987,6/24/2017 0:00,6/30/2017 0:00,Standard Class,HL-15040,Hunter Lopez,Consumer,United States,Richmond,Indiana,47374,Central,TEC-PH-10001305,Technology,Phones,Panasonic KX TS208W Corded phone,440.91,9,0.0,123.4548,False
7876,CA-2018-168403,9/9/2018 0:00,9/15/2018 0:00,Standard Class,DK-12835,Damala Kotsonis,Corporate,United States,Portland,Oregon,97206,West,OFF-PA-10002036,Office Supplies,Paper,Xerox 1930,31.104,6,0.2,11.2752,False
208,CA-2018-135860,12/1/2018 0:00,12/7/2018 0:00,Standard Class,JH-15985,Joseph Holt,Consumer,United States,Saginaw,Michigan,48601,Central,TEC-PH-10001700,Technology,Phones,Panasonic KX-TG6844B Expandable Digital Cordless Telephone,131.98,2,0.0,35.6346,False
496,CA-2016-134782,12/27/2016 0:00,12/31/2016 0:00,Standard Class,MD-17350,Maribeth Dona,Consumer,United States,Fayetteville,Arkansas,72701,South,OFF-EN-10001434,Office Supplies,Envelopes,"Strathmore #10 Envelopes, Ultimate White",105.42,2,0.0,51.6558,False
8961,CA-2018-150266,11/25/2018 0:00,11/30/2018 0:00,Standard Class,RO-19780,Rose O'Brian,Consumer,United States,Houston,Texas,77070,Central,FUR-CH-10002126,Furniture,Chairs,Hon Deluxe Fabric Upholstered Stacking Chairs,853.93,5,0.3,-24.398,False
5251,US-2017-169369,12/12/2017 0:00,12/18/2017 0:00,Standard Class,EC-14050,Erin Creighton,Consumer,United States,Columbus,Georgia,31907,South,TEC-AC-10001314,Technology,Accessories,Case Logic 2.4GHz Wireless Keyboard,249.95,5,0.0,19.996,False
2136,CA-2016-122210,11/30/2016 0:00,12/4/2016 0:00,Standard Class,WB-21850,William Brown,Consumer,United States,Philadelphia,Pennsylvania,19134,East,TEC-PH-10002807,Technology,Phones,Motorla HX550 Universal Bluetooth Headset,94.92,4,0.4,15.82,False
1858,US-2018-158218,5/12/2018 0:00,5/15/2018 0:00,Second Class,AC-10420,Alyssa Crouse,Corporate,United States,Houston,Texas,77041,Central,OFF-BI-10002133,Office Supplies,Binders,"Wilson Jones Elliptical Ring 3 1/2"" Capacity Binders, 800 sheets",34.24,4,0.8,-53.072,False
6672,CA-2015-154837,8/23/2015 0:00,8/27/2015 0:00,Second Class,RB-19645,Robert Barroso,Corporate,United States,Los Angeles,California,90032,West,OFF-BI-10001575,Office Supplies,Binders,GBC Linen Binding Covers,49.568,2,0.2,17.3488,False
733,CA-2018-131954,1/21/2018 0:00,1/25/2018 0:00,Standard Class,DS-13030,Darrin Sayre,Home Office,United States,Seattle,Washington,98115,West,OFF-ST-10000736,Office Supplies,Storage,Carina Double Wide Media Storage Towers in Natural & Black,242.94,3,0.0,9.7176,False
973,CA-2015-115791,1/16/2015 0:00,1/18/2015 0:00,Second Class,DL-13315,Delfina Latchford,Consumer,United States,Philadelphia,Pennsylvania,19134,East,OFF-BI-10001575,Office Supplies,Binders,GBC Linen Binding Covers,18.588,2,0.7,-13.6312,False
2861,CA-2018-138975,5/19/2018 0:00,5/23/2018 0:00,Standard Class,SC-20380,Shahid Collister,Consumer,United States,Atlanta,Georgia,30318,South,FUR-BO-10004695,Furniture,Bookcases,O'Sullivan 2-Door Barrister Bookcase in Odessa Pine,1628.82,9,0.0,374.6286,False
8877,US-2017-141264,8/13/2017 0:00,8/19/2017 0:00,Standard Class,CT-11995,Carol Triggs,Consumer,United States,Irving,Texas,75061,Central,OFF-AP-10002534,Office Supplies,Appliances,3.6 Cubic Foot Counter Height Office Refrigerator,58.924,1,0.8,-153.2024,False
7912,CA-2017-149762,12/3/2017 0:00,12/7/2017 0:00,Standard Class,RD-19720,Roger Demir,Consumer,United States,Morgan Hill,California,95037,West,FUR-BO-10001337,Furniture,Bookcases,O'Sullivan Living Dimensions 2-Shelf Bookcases,205.666,2,0.15,-12.098,False
4388,CA-2017-156811,10/27/2017 0:00,11/2/2017 0:00,Standard Class,BP-11095,Bart Pistole,Corporate,United States,San Francisco,California,94122,West,OFF-BI-10001628,Office Supplies,Binders,"Acco Data Flex Cable Posts For Top & Bottom Load Binders, 6"" Capacity",25.032,3,0.2,7.8225,False
7702,CA-2018-151799,12/14/2018 0:00,12/18/2018 0:00,Standard Class,BF-11170,Ben Ferrer,Home Office,United States,Lawrence,Massachusetts,1841,East,FUR-TA-10003473,Furniture,Tables,Bretford Rectangular Conference Table Tops,526.582,2,0.3,-52.6582,False
3490,CA-2016-157322,7/2/2016 0:00,7/6/2016 0:00,Standard Class,RH-19600,Rob Haberlin,Consumer,United States,Carol Stream,Illinois,60188,Central,FUR-CH-10003774,Furniture,Chairs,"Global Wood Trimmed Manager's Task Chair, Khaki",382.116,6,0.3,-92.7996,False
5167,CA-2015-121006,11/10/2015 0:00,11/16/2015 0:00,Standard Class,SC-20020,Sam Craven,Consumer,United States,Midland,Michigan,48640,Central,OFF-PA-10002479,Office Supplies,Paper,Xerox 4200 Series MultiUse Premium Copy Paper (20Lb. and 84 Bright),15.84,3,0.0,7.128,False
3232,US-2018-156356,4/16/2018 0:00,4/22/2018 0:00,Standard Class,ND-18370,Natalie DeCherney,Consumer,United States,Houston,Texas,77095,Central,OFF-BI-10000632,Office Supplies,Binders,Satellite Sectional Post Binders,26.046,3,0.8,-44.2782,False
1769,US-2015-158057,3/22/2015 0:00,3/26/2015 0:00,Standard Class,CC-12685,Craig Carroll,Consumer,United States,Greensboro,North Carolina,27405,South,OFF-BI-10002735,Office Supplies,Binders,GBC Prestige Therm-A-Bind Covers,51.465,5,0.7,-39.4565,False
9358,CA-2017-168046,1/25/2017 0:00,1/28/2017 0:00,Second Class,JD-15895,Jonathan Doherty,Corporate,United States,New York City,New York,10024,East,OFF-BI-10003676,Office Supplies,Binders,"GBC Standard Recycled Report Covers, Clear Plastic Sheets",43.12,5,0.2,15.092,False
6187,CA-2016-138954,11/15/2016 0:00,11/17/2016 0:00,First Class,MH-17785,Maya Herman,Corporate,United States,New York City,New York,10035,East,OFF-ST-10003058,Office Supplies,Storage,Eldon Mobile Mega Data Cart  Mega Stackable  Add-On Trays,70.95,3,0.0,20.5755,False
7985,CA-2018-152499,1/22/2018 0:00,1/25/2018 0:00,Second Class,EH-13765,Edward Hooks,Corporate,United States,Chicago,Illinois,60623,Central,OFF-AR-10003481,Office Supplies,Art,Newell 348,7.872,3,0.2,0.8856,False
8664,CA-2016-131856,5/12/2016 0:00,5/17/2016 0:00,Standard Class,JG-15160,James Galang,Consumer,United States,Houston,Texas,77041,Central,OFF-PA-10001954,Office Supplies,Paper,Xerox 1964,127.904,7,0.2,41.5688,False
7807,CA-2016-102260,9/22/2016 0:00,9/26/2016 0:00,Standard Class,SJ-20125,Sanjit Jacobs,Home Office,United States,Franklin,Tennessee,37064,South,OFF-BI-10000042,Office Supplies,Binders,"Pressboard Data Binder, Crimson, 12"" X 8 1/2""",3.204,2,0.7,-2.5632,False
4033,CA-2017-169957,9/26/2017 0:00,9/30/2017 0:00,Standard Class,SN-20710,Steve Nguyen,Home Office,United States,Covington,Washington,98042,West,OFF-PA-10004040,Office Supplies,Paper,Universal Premium White Copier/Laser Paper (20Lb. and 87 Bright),29.9,5,0.0,14.651,False
5946,CA-2015-104178,8/25/2015 0:00,8/29/2015 0:00,Standard Class,JM-15265,Janet Molinari,Corporate,United States,Los Angeles,California,90036,West,OFF-PA-10004983,Office Supplies,Paper,Xerox 23,25.92,4,0.0,12.4416,False
1816,CA-2016-164833,6/4/2016 0:00,6/4/2016 0:00,Same Day,LL-16840,Lauren Leatherbury,Consumer,United States,Seattle,Washington,98105,West,OFF-LA-10000443,Office Supplies,Labels,Avery 501,7.38,2,0.0,3.4686,False
6009,CA-2016-135580,12/30/2016 0:00,1/3/2017 0:00,Standard Class,CL-12565,Clay Ludtke,Consumer,United States,Los Angeles,California,90049,West,OFF-PA-10000595,Office Supplies,Paper,Xerox 1929,68.52,3,0.0,31.5192,False
3466,US-2016-147242,9/10/2016 0:00,9/14/2016 0:00,Standard Class,EH-13765,Edward Hooks,Corporate,United States,Revere,Massachusetts,2151,East,OFF-AP-10003842,Office Supplies,Appliances,Euro-Pro Shark Turbo Vacuum,61.96,2,0.0,16.1096,False
6342,US-2017-105830,12/31/2017 0:00,1/2/2018 0:00,First Class,DB-13660,Duane Benoit,Consumer,United States,Lancaster,Ohio,43130,East,OFF-ST-10002554,Office Supplies,Storage,Tennsco Industrial Shelving,156.512,4,0.2,-35.2152,False
4230,CA-2018-100223,7/5/2018 0:00,7/10/2018 0:00,Standard Class,LS-16945,Linda Southworth,Corporate,United States,Dallas,Texas,75220,Central,FUR-FU-10003601,Furniture,Furnishings,"Deflect-o RollaMat Studded, Beveled Mat for Medium Pile Carpeting",332.028,9,0.6,-348.6294,False
92,CA-2017-109806,9/17/2017 0:00,9/22/2017 0:00,Standard Class,JS-15685,Jim Sink,Corporate,United States,Los Angeles,California,90036,West,OFF-PA-10000304,Office Supplies,Paper,Xerox 1995,6.48,1,0.0,3.1104,False
8636,CA-2015-160094,4/30/2015 0:00,5/2/2015 0:00,First Class,JM-16195,Justin MacKendrick,Consumer,United States,Louisville,Kentucky,40214,South,OFF-AR-10004010,Office Supplies,Art,Hunt Boston Vacuum Mount KS Pencil Sharpener,174.95,5,0.0,45.487,False
8911,CA-2018-102610,11/4/2018 0:00,11/8/2018 0:00,Standard Class,CA-12265,Christina Anderson,Consumer,United States,Chattanooga,Tennessee,37421,South,TEC-AC-10000303,Technology,Accessories,Logitech M510 Wireless Mouse,95.976,3,0.2,15.5961,False
7536,US-2018-160143,3/31/2018 0:00,4/7/2018 0:00,Standard Class,HG-14965,Henry Goldwyn,Corporate,United States,Los Angeles,California,90004,West,OFF-SU-10004231,Office Supplies,Supplies,Acme Tagit Stainless Steel Antibacterial Scissors,29.7,3,0.0,8.019,False
9288,CA-2018-154011,6/19/2018 0:00,6/26/2018 0:00,Standard Class,DB-13270,Deborah Brumfield,Home Office,United States,Dallas,Texas,75081,Central,FUR-TA-10000688,Furniture,Tables,"Chromcraft Bull-Nose Wood Round Conference Table Top, Wood Base",457.485,3,0.3,-84.9615,False
8318,CA-2018-130904,4/11/2018 0:00,4/16/2018 0:00,Standard Class,HM-14980,Henry MacAllister,Consumer,United States,Burlington,North Carolina,27217,South,OFF-AR-10000422,Office Supplies,Art,Pencil and Crayon Sharpener,1.752,1,0.2,0.1533,False
397,CA-2018-165603,10/17/2018 0:00,10/19/2018 0:00,Second Class,SS-20140,Saphhira Shifley,Corporate,United States,Warwick,Rhode Island,2886,East,OFF-PA-10002552,Office Supplies,Paper,Xerox 1958,12.96,2,0.0,6.2208,False
6047,CA-2017-154662,6/9/2017 0:00,6/16/2017 0:00,Standard Class,BF-11215,Benjamin Farhat,Home Office,United States,Minneapolis,Minnesota,55407,Central,FUR-TA-10001771,Furniture,Tables,"Bush Cubix Conference Tables, Fully Assembled",692.94,3,0.0,173.235,False
728,US-2017-150861,12/3/2017 0:00,12/6/2017 0:00,First Class,EG-13900,Emily Grady,Consumer,United States,Oceanside,New York,11572,East,OFF-PA-10001954,Office Supplies,Paper,Xerox 1964,182.72,8,0.0,84.0512,False
1493,CA-2018-166436,11/24/2018 0:00,11/28/2018 0:00,Standard Class,TS-21370,Todd Sumrall,Corporate,United States,New York City,New York,10035,East,FUR-CH-10000785,Furniture,Chairs,Global Ergonomic Managers Chair,977.292,6,0.1,173.7408,False
8252,CA-2016-140221,3/5/2016 0:00,3/9/2016 0:00,Second Class,MS-17365,Maribeth Schnelling,Consumer,United States,Chicago,Illinois,60653,Central,OFF-AP-10000828,Office Supplies,Appliances,Avanti 4.4 Cu. Ft. Refrigerator,180.98,5,0.8,-470.548,False
7304,US-2018-117450,9/4/2018 0:00,9/8/2018 0:00,Standard Class,DO-13645,Doug O'Connell,Consumer,United States,Boynton Beach,Florida,33437,South,FUR-CH-10003817,Furniture,Chairs,"Global Value Steno Chair, Gray",97.184,2,0.2,6.074,False
8067,CA-2017-132997,11/7/2017 0:00,11/9/2017 0:00,First Class,LW-17215,Luke Weiss,Consumer,United States,Rochester,New York,14609,East,OFF-BI-10004318,Office Supplies,Binders,Ibico EB-19 Dual Function Manual Binding System,276.784,2,0.2,89.9548,False
1488,CA-2016-140410,11/3/2016 0:00,11/7/2016 0:00,Standard Class,CM-12655,Corinna Mitchell,Home Office,United States,Los Angeles,California,90008,West,TEC-AC-10001109,Technology,Accessories,Logitech Trackman Marble Mouse,89.97,3,0.0,37.7874,False
609,US-2015-105767,5/23/2015 0:00,5/27/2015 0:00,Standard Class,AR-10510,Andrew Roberts,Consumer,United States,Philadelphia,Pennsylvania,19134,East,OFF-AR-10001246,Office Supplies,Art,Newell 317,21.168,9,0.2,2.3814,False
6419,CA-2017-140130,10/31/2017 0:00,11/5/2017 0:00,Standard Class,HW-14935,Helen Wasserman,Corporate,United States,Tulsa,Oklahoma,74133,Central,OFF-SU-10001218,Office Supplies,Supplies,Fiskars Softgrip Scissors,21.96,2,0.0,6.1488,False
3056,US-2016-100377,8/28/2016 0:00,9/1/2016 0:00,Standard Class,TS-21370,Todd Sumrall,Corporate,United States,Chicago,Illinois,60623,Central,TEC-CO-10001046,Technology,Copiers,Canon Imageclass D680 Copier / Fax,2799.96,5,0.2,874.9875,False
7250,CA-2016-158491,6/4/2016 0:00,6/9/2016 0:00,Second Class,BP-11155,Becky Pak,Consumer,United States,Los Angeles,California,90008,West,TEC-AC-10001874,Technology,Accessories,Logitech Wireless Anywhere Mouse MX for PC and Mac,119.98,2,0.0,35.994,False
9456,CA-2017-140977,6/16/2017 0:00,6/19/2017 0:00,Second Class,JL-15175,James Lanier,Home Office,United States,Chattanooga,Tennessee,37421,South,TEC-MA-10003493,Technology,Machines,Penpower WorldCard Pro Card Scanner,91.475,1,0.5,-1.8295,False
7547,CA-2015-103492,10/10/2015 0:00,10/15/2015 0:00,Standard Class,CM-12715,Craig Molinari,Corporate,United States,Huntsville,Texas,77340,Central,TEC-PH-10004667,Technology,Phones,Cisco 8x8 Inc. 6753i IP Business Phone System,755.944,7,0.2,66.1451,False
7099,CA-2018-144596,11/6/2018 0:00,11/10/2018 0:00,Standard Class,CD-11980,Carol Darley,Consumer,United States,New York City,New York,10011,East,OFF-PA-10003302,Office Supplies,Paper,Xerox 1906,318.96,9,0.0,149.9112,False
9074,CA-2017-142524,9/4/2017 0:00,9/8/2017 0:00,Standard Class,MB-18085,Mick Brown,Consumer,United States,Springfield,Missouri,65807,Central,TEC-AC-10000109,Technology,Accessories,Sony Micro Vault Click 16 GB USB 2.0 Flash Drive,279.95,5,0.0,67.188,False
9526,CA-2018-156958,12/5/2018 0:00,12/6/2018 0:00,First Class,PB-18805,Patrick Bzostek,Home Office,United States,Seattle,Washington,98115,West,FUR-FU-10003268,Furniture,Furnishings,Eldon Radial Chair Mat for Low to Medium Pile Carpets,199.9,5,0.0,39.98,False
2453,CA-2018-140949,3/17/2018 0:00,3/22/2018 0:00,Second Class,DB-13405,Denny Blanton,Consumer,United States,New York City,New York,10011,East,OFF-BI-10000605,Office Supplies,Binders,"Acco Pressboard Covers with Storage Hooks, 9 1/2"" x 11"", Executive Red",9.144,3,0.2,3.0861,False
5508,CA-2017-150000,4/8/2017 0:00,4/14/2017 0:00,Standard Class,PG-18820,Patrick Gardner,Consumer,United States,Smyrna,Georgia,30080,South,OFF-EN-10002973,Office Supplies,Envelopes,Ampad #10 Peel & Seel Holiday Envelopes,17.92,4,0.0,8.6016,False
7234,CA-2017-137337,3/8/2017 0:00,3/12/2017 0:00,Standard Class,GB-14575,Giulietta Baptist,Consumer,United States,New York City,New York,10011,East,FUR-FU-10003347,Furniture,Furnishings,Coloredge Poster Frame,113.6,8,0.0,44.304,False
5726,CA-2016-103933,9/25/2016 0:00,9/27/2016 0:00,First Class,DR-12880,Dan Reichenbach,Corporate,United States,New York City,New York,10011,East,TEC-AC-10004171,Technology,Accessories,Razer Kraken 7.1 Surround Sound Over Ear USB Gaming Headset,899.91,9,0.0,395.9604,False
187,CA-2015-123260,8/26/2015 0:00,8/30/2015 0:00,Standard Class,FM-14290,Frank Merwin,Home Office,United States,Los Angeles,California,90032,West,TEC-AC-10002323,Technology,Accessories,SanDisk Ultra 32 GB MicroSDHC Class 10 Memory Card,176.8,8,0.0,22.984,False
8505,CA-2017-109400,5/2/2017 0:00,5/6/2017 0:00,Standard Class,NR-18550,Nick Radford,Consumer,United States,Amarillo,Texas,79109,Central,FUR-CH-10003298,Furniture,Chairs,"Office Star - Contemporary Task Swivel chair with Loop Arms, Charcoal",366.744,4,0.3,-110.0232,False
5144,CA-2017-111213,4/1/2017 0:00,4/5/2017 0:00,Standard Class,FP-14320,Frank Preis,Consumer,United States,New York City,New York,10009,East,OFF-BI-10004140,Office Supplies,Binders,Avery Non-Stick Binders,3.592,1,0.2,1.1225,False
9780,CA-2015-169019,7/26/2015 0:00,7/30/2015 0:00,Standard Class,LF-17185,Luke Foster,Consumer,United States,San Antonio,Texas,78207,Central,OFF-AP-10003281,Office Supplies,Appliances,Acco 6 Outlet Guardian Standard Surge Suppressor,4.836,2,0.8,-12.09,False
9541,CA-2016-135727,5/11/2016 0:00,5/16/2016 0:00,Second Class,PS-18970,Paul Stevenson,Home Office,United States,Phoenix,Arizona,85023,West,FUR-CH-10004540,Furniture,Chairs,Global Chrome Stack Chair,191.968,7,0.2,16.7972,False
4762,CA-2017-117660,12/30/2017 0:00,1/4/2018 0:00,Standard Class,BM-11785,Bryan Mills,Consumer,United States,Columbus,Ohio,43229,East,OFF-LA-10003720,Office Supplies,Labels,Avery 487,5.904,2,0.2,1.9926,False
4783,CA-2015-159310,11/7/2015 0:00,11/12/2015 0:00,Standard Class,SC-20725,Steven Cartwright,Consumer,United States,Houston,Texas,77070,Central,OFF-SU-10004115,Office Supplies,Supplies,Acme Stainless Steel Office Snips,40.712,7,0.2,3.5623,False
7513,US-2018-161935,7/14/2018 0:00,7/18/2018 0:00,Standard Class,JL-15835,John Lee,Consumer,United States,Columbus,Ohio,43229,East,OFF-ST-10001837,Office Supplies,Storage,"SAFCO Mobile Desk Side File, Wire Frame",239.456,7,0.2,17.9592,False
3792,CA-2016-111325,2/27/2016 0:00,2/28/2016 0:00,First Class,BT-11395,Bill Tyler,Corporate,United States,Altoona,Pennsylvania,16602,East,OFF-BI-10000343,Office Supplies,Binders,"Pressboard Covers with Storage Hooks, 9 1/2"" x 11"", Light Blue",4.419,3,0.7,-3.3879,False
4156,CA-2017-139689,12/29/2017 0:00,1/3/2018 0:00,Standard Class,MP-17965,Michael Paige,Corporate,United States,Bristol,Tennessee,37620,South,OFF-BI-10000145,Office Supplies,Binders,Zipper Ring Binder Pockets,2.808,3,0.7,-1.9656,False
8721,CA-2017-120824,6/12/2017 0:00,6/16/2017 0:00,Second Class,AW-10930,Arthur Wiediger,Home Office,United States,Houston,Texas,77070,Central,FUR-CH-10000229,Furniture,Chairs,Global Enterprise Series Seating High-Back Swivel/Tilt Chairs,379.372,2,0.3,-119.2312,False
7003,CA-2015-133158,8/19/2015 0:00,8/21/2015 0:00,Second Class,DW-13195,David Wiener,Corporate,United States,Los Angeles,California,90045,West,FUR-FU-10000723,Furniture,Furnishings,"Deflect-o EconoMat Studded, No Bevel Mat for Low Pile Carpeting",289.24,7,0.0,26.0316,False
6971,CA-2018-153822,9/19/2018 0:00,9/25/2018 0:00,Standard Class,AB-10105,Adrian Barton,Consumer,United States,Phoenix,Arizona,85023,West,OFF-ST-10000321,Office Supplies,Storage,Akro Stacking Bins,12.624,2,0.2,-2.5248,False
8250,CA-2016-140221,3/5/2016 0:00,3/9/2016 0:00,Second Class,MS-17365,Maribeth Schnelling,Consumer,United States,Chicago,Illinois,60653,Central,OFF-BI-10002854,Office Supplies,Binders,"Performers Binder/Pad Holder, Black",11.212,2,0.8,-16.818,False
1441,CA-2018-122735,4/12/2018 0:00,4/15/2018 0:00,Second Class,BD-11320,Bill Donatelli,Consumer,United States,Providence,Rhode Island,2908,East,OFF-PA-10001712,Office Supplies,Paper,Xerox 1948,39.96,4,0.0,17.982,False
4624,CA-2018-147228,9/9/2018 0:00,9/14/2018 0:00,Standard Class,SO-20335,Sean O'Donnell,Consumer,United States,Columbia,Tennessee,38401,South,OFF-PA-10000357,Office Supplies,Paper,Xerox 1888,177.536,4,0.2,62.1376,False
7349,CA-2015-130421,3/3/2015 0:00,3/7/2015 0:00,Standard Class,SC-20020,Sam Craven,Consumer,United States,Houston,Texas,77095,Central,OFF-AP-10002534,Office Supplies,Appliances,3.6 Cubic Foot Counter Height Office Refrigerator,176.772,3,0.8,-459.6072,False
8055,CA-2016-121188,8/28/2016 0:00,9/4/2016 0:00,Standard Class,CB-12025,Cassandra Brandow,Consumer,United States,Los Angeles,California,90049,West,OFF-ST-10001490,Office Supplies,Storage,"Hot File 7-Pocket, Floor Stand",892.35,5,0.0,267.705,False
1193,CA-2018-117212,2/26/2018 0:00,2/28/2018 0:00,Second Class,BT-11530,Bradley Talbott,Home Office,United States,Los Angeles,California,90036,West,OFF-PA-10000682,Office Supplies,Paper,Xerox 1924,23.12,4,0.0,11.3288,False
5673,CA-2018-127922,10/27/2018 0:00,11/3/2018 0:00,Standard Class,SH-19975,Sally Hughsby,Corporate,United States,Dallas,Texas,75081,Central,OFF-EN-10003068,Office Supplies,Envelopes,#6 3/4 Gummed Flap White Envelopes,15.84,2,0.2,5.544,False
2741,CA-2018-122707,4/16/2018 0:00,4/18/2018 0:00,First Class,EB-13750,Edward Becker,Corporate,United States,Hoover,Alabama,35244,South,TEC-AC-10004227,Technology,Accessories,SanDisk Ultra 16 GB MicroSDHC Class 10 Memory Card,25.98,2,0.0,1.5588,False
1181,CA-2015-128146,6/21/2015 0:00,6/25/2015 0:00,Standard Class,DB-13060,Dave Brooks,Consumer,United States,Lakewood,New Jersey,8701,East,TEC-PH-10004539,Technology,Phones,Wireless Extenders zBoost YX545 SOHO Signal Booster,1322.93,7,0.0,357.1911,False
6499,CA-2016-103135,7/24/2016 0:00,7/28/2016 0:00,Standard Class,SS-20515,Shirley Schmidt,Home Office,United States,Louisville,Kentucky,40214,South,OFF-BI-10000069,Office Supplies,Binders,"GBC Prepunched Paper, 19-Hole, for Binding Systems, 24-lb",135.09,9,0.0,62.1414,False
683,CA-2017-164511,11/19/2017 0:00,11/24/2017 0:00,Standard Class,DJ-13630,Doug Jacobs,Consumer,United States,New York City,New York,10024,East,OFF-ST-10004507,Office Supplies,Storage,Advantus Rolling Storage Box,68.6,4,0.0,18.522,False
1627,CA-2016-164539,11/16/2016 0:00,11/22/2016 0:00,Standard Class,PO-19180,Philisse Overcash,Home Office,United States,New York City,New York,10011,East,OFF-AP-10002457,Office Supplies,Appliances,"Eureka The Boss Plus 12-Amp Hard Box Upright Vacuum, Red",523.25,5,0.0,141.2775,False
2847,CA-2018-152093,9/10/2018 0:00,9/15/2018 0:00,Standard Class,SN-20560,Skye Norling,Home Office,United States,Chicago,Illinois,60653,Central,OFF-BI-10003527,Office Supplies,Binders,Fellowes PB500 Electric Punch Plastic Comb Binding Machine with Manual Bind,762.594,3,0.8,-1143.891,False
349,CA-2018-134306,7/8/2018 0:00,7/12/2018 0:00,Standard Class,TD-20995,Tamara Dahlen,Consumer,United States,Lowell,Massachusetts,1852,East,OFF-AR-10001374,Office Supplies,Art,"BIC Brite Liner Highlighters, Chisel Tip",12.96,2,0.0,4.1472,False
9505,CA-2017-113607,10/14/2017 0:00,10/18/2017 0:00,Standard Class,PW-19030,Pauline Webber,Corporate,United States,New York City,New York,10009,East,TEC-PH-10004094,Technology,Phones,Motorola L703CM,1091.93,7,0.0,272.9825,False
9346,CA-2018-109085,2/17/2018 0:00,2/20/2018 0:00,First Class,CK-12325,Christine Kargatis,Home Office,United States,Troy,Ohio,45373,East,TEC-PH-10000526,Technology,Phones,Vtech CS6719,57.594,1,0.4,-11.5188,False
2902,CA-2018-124898,9/11/2018 0:00,9/15/2018 0:00,Standard Class,DB-12910,Daniel Byrd,Home Office,United States,Columbus,Georgia,31907,South,OFF-PA-10003656,Office Supplies,Paper,Xerox 1935,184.66,7,0.0,84.9436,False
3046,CA-2018-125290,11/6/2018 0:00,11/10/2018 0:00,Second Class,CC-12430,Chuck Clark,Home Office,United States,Minneapolis,Minnesota,55407,Central,OFF-AR-10001216,Office Supplies,Art,Newell 339,13.9,5,0.0,3.614,False
4911,CA-2018-127306,1/14/2018 0:00,1/18/2018 0:00,Standard Class,BH-11710,Brosina Hoffman,Consumer,United States,Johnson City,Tennessee,37604,South,OFF-PA-10000019,Office Supplies,Paper,Xerox 1931,36.288,7,0.2,12.7008,False
3832,US-2016-111927,11/14/2016 0:00,11/19/2016 0:00,Standard Class,LS-17230,Lycoris Saunders,Consumer,United States,Dover,Delaware,19901,East,FUR-FU-10004017,Furniture,Furnishings,"Executive Impressions 13"" Chairman Wall Clock",76.14,3,0.0,26.649,False
9977,US-2017-103674,12/6/2017 0:00,12/10/2017 0:00,Standard Class,AP-10720,Anne Pryor,Home Office,United States,Los Angeles,California,90032,West,TEC-PH-10002496,Technology,Phones,Cisco SPA301,249.584,2,0.2,31.198,False
4994,CA-2016-153038,12/18/2016 0:00,12/25/2016 0:00,Standard Class,RB-19645,Robert Barroso,Corporate,United States,Memphis,Tennessee,38109,South,OFF-LA-10004008,Office Supplies,Labels,Avery 507,18.432,8,0.2,5.9904,False
7580,CA-2016-123113,11/23/2016 0:00,11/27/2016 0:00,Second Class,AT-10735,Annie Thurman,Consumer,United States,Morristown,New Jersey,7960,East,OFF-AP-10000275,Office Supplies,Appliances,"Sanyo Counter Height Refrigerator with Crisper, 3.6 Cubic Foot, Stainless Steel/Black",2625.12,8,0.0,735.0336,False
4589,US-2018-163790,11/2/2018 0:00,11/4/2018 0:00,Second Class,NL-18310,Nancy Lomonaco,Home Office,United States,Danville,California,94526,West,FUR-FU-10002508,Furniture,Furnishings,Document Clip Frames,25.02,3,0.0,10.5084,False
4659,CA-2016-112130,5/3/2016 0:00,5/7/2016 0:00,Standard Class,SV-20785,Stewart Visinsky,Consumer,United States,Philadelphia,Pennsylvania,19140,East,OFF-PA-10002230,Office Supplies,Paper,Xerox 1897,7.968,2,0.2,2.8884,False
5594,US-2018-108014,11/19/2018 0:00,11/25/2018 0:00,Standard Class,JH-15430,Jennifer Halladay,Consumer,United States,Cleveland,Ohio,44105,East,OFF-BI-10003984,Office Supplies,Binders,Lock-Up Easel 'Spel-Binder',59.913,7,0.7,-45.9333,False
556,CA-2015-155852,3/3/2015 0:00,3/7/2015 0:00,Second Class,AJ-10945,Ashley Jarboe,Consumer,United States,Wilmington,North Carolina,28403,South,OFF-AR-10003560,Office Supplies,Art,Zebra Zazzle Fluorescent Highlighters,19.456,4,0.2,3.4048,False
8580,CA-2017-111605,12/27/2017 0:00,1/2/2018 0:00,Standard Class,JW-15955,Joni Wasserman,Consumer,United States,Louisville,Kentucky,40214,South,OFF-LA-10002368,Office Supplies,Labels,Avery 479,2.61,1,0.0,1.2006,False
5449,US-2015-119081,9/12/2015 0:00,9/19/2015 0:00,Standard Class,TA-21385,Tom Ashbrook,Home Office,United States,Olathe,Kansas,66062,Central,OFF-SU-10000157,Office Supplies,Supplies,Compact Automatic Electric Letter Opener,357.93,3,0.0,7.1586,False
9073,CA-2017-142524,9/4/2017 0:00,9/8/2017 0:00,Standard Class,MB-18085,Mick Brown,Consumer,United States,Springfield,Missouri,65807,Central,OFF-EN-10003286,Office Supplies,Envelopes,Staple envelope,16.56,2,0.0,7.7832,False
7411,CA-2015-103058,7/23/2015 0:00,7/24/2015 0:00,First Class,AG-10270,Alejandro Grove,Consumer,United States,New York City,New York,10011,East,TEC-AC-10001314,Technology,Accessories,Case Logic 2.4GHz Wireless Keyboard,99.98,2,0.0,7.9984,False
3634,CA-2017-145177,11/10/2017 0:00,11/14/2017 0:00,Standard Class,PP-18955,Paul Prost,Home Office,United States,Springfield,Ohio,45503,East,OFF-LA-10001613,Office Supplies,Labels,Avery File Folder Labels,9.216,4,0.2,3.3408,False
8158,CA-2017-103464,11/18/2017 0:00,11/22/2017 0:00,Standard Class,PG-18820,Patrick Gardner,Consumer,United States,San Diego,California,92105,West,TEC-AC-10002842,Technology,Accessories,WD My Passport Ultra 2TB Portable External Hard Drive,595.0,5,0.0,95.2,False
9617,CA-2017-140256,8/22/2017 0:00,8/29/2017 0:00,Standard Class,PW-19030,Pauline Webber,Corporate,United States,Los Angeles,California,90049,West,OFF-AR-10002255,Office Supplies,Art,Newell 346,5.76,2,0.0,1.6704,False
1911,CA-2017-105963,11/15/2017 0:00,11/22/2017 0:00,Standard Class,SC-20770,Stewart Carmichael,Corporate,United States,Los Angeles,California,90008,West,TEC-AC-10003832,Technology,Accessories,Imation 16GB Mini TravelDrive USB 2.0 Flash Drive,99.39,3,0.0,40.7499,False
4336,CA-2016-154795,12/20/2016 0:00,12/24/2016 0:00,Standard Class,GZ-14470,Gary Zandusky,Consumer,United States,Bullhead City,Arizona,86442,West,OFF-EN-10003068,Office Supplies,Envelopes,#6 3/4 Gummed Flap White Envelopes,7.92,1,0.2,2.772,False
8060,CA-2016-121188,8/28/2016 0:00,9/4/2016 0:00,Standard Class,CB-12025,Cassandra Brandow,Consumer,United States,Los Angeles,California,90049,West,FUR-FU-10003981,Furniture,Furnishings,Eldon Wave Desk Accessories,4.16,2,0.0,1.7472,False
6763,CA-2017-144764,9/2/2017 0:00,9/8/2017 0:00,Standard Class,RL-19615,Rob Lucas,Consumer,United States,Chicago,Illinois,60623,Central,OFF-LA-10000240,Office Supplies,Labels,Self-Adhesive Address Labels for Typewriters by Universal,29.24,5,0.2,9.8685,False
9305,US-2016-163433,4/18/2016 0:00,4/22/2016 0:00,Second Class,MP-17965,Michael Paige,Corporate,United States,Mcallen,Texas,78501,Central,OFF-BI-10000320,Office Supplies,Binders,GBC Plastic Binding Combs,1.476,1,0.8,-2.2878,False
8652,CA-2015-142769,9/13/2015 0:00,9/13/2015 0:00,Same Day,RP-19390,Resi Pölking,Consumer,United States,Seattle,Washington,98103,West,FUR-FU-10001918,Furniture,Furnishings,C-Line Cubicle Keepers Polyproplyene Holder With Velcro Backings,14.19,3,0.0,5.5341,False
5776,CA-2017-142398,4/12/2017 0:00,4/16/2017 0:00,Standard Class,BP-11290,Beth Paige,Consumer,United States,Los Angeles,California,90036,West,OFF-BI-10004826,Office Supplies,Binders,JM Magazine Binder,13.208,1,0.2,4.6228,False
1886,CA-2017-147578,4/22/2017 0:00,4/26/2017 0:00,Second Class,PG-18895,Paul Gonzalez,Consumer,United States,San Francisco,California,94122,West,FUR-FU-10001889,Furniture,Furnishings,Ultra Door Pull Handle,31.56,3,0.0,10.4148,False
3167,CA-2015-153969,9/21/2015 0:00,9/25/2015 0:00,Standard Class,HF-14995,Herbert Flentye,Consumer,United States,San Francisco,California,94109,West,OFF-PA-10002246,Office Supplies,Paper,"Wirebound Four 2-3/4 x 5 Forms per Page, 400 Sets per Book",19.35,3,0.0,9.4815,False
2346,CA-2017-159373,3/13/2017 0:00,3/18/2017 0:00,Standard Class,LT-17110,Liz Thompson,Consumer,United States,San Antonio,Texas,78207,Central,OFF-PA-10000659,Office Supplies,Paper,"TOPS Carbonless Receipt Book, Four 2-3/4 x 7-1/4 Money Receipts per Page",70.08,5,0.2,24.528,False
1443,CA-2018-117695,8/5/2018 0:00,8/8/2018 0:00,First Class,PW-19030,Pauline Webber,Corporate,United States,Richmond,Kentucky,40475,South,OFF-PA-10002713,Office Supplies,Paper,"Adams Phone Message Book, 200 Message Capacity, 8 1/16” x 11”",13.76,2,0.0,6.3296,False
6159,CA-2017-104150,8/3/2017 0:00,8/5/2017 0:00,Second Class,AG-10330,Alex Grayson,Consumer,United States,Tulsa,Oklahoma,74133,Central,TEC-AC-10004803,Technology,Accessories,Sony Micro Vault Click 4 GB USB 2.0 Flash Drive,167.28,12,0.0,23.4192,False
4976,CA-2016-142202,9/18/2016 0:00,9/23/2016 0:00,Second Class,JR-16210,Justin Ritter,Corporate,United States,Jacksonville,Florida,32216,South,TEC-AC-10003198,Technology,Accessories,Enermax Acrylux Wireless Keyboard,717.12,9,0.2,152.388,False
6324,CA-2015-104402,6/17/2015 0:00,6/23/2015 0:00,Standard Class,DB-13660,Duane Benoit,Consumer,United States,Newark,Delaware,19711,East,TEC-MA-10000423,Technology,Machines,Texas Instruments TI-34 Scientific Calculator,65.97,3,0.0,31.0059,False
6376,CA-2015-107811,4/29/2015 0:00,5/3/2015 0:00,Standard Class,LA-16780,Laura Armstrong,Corporate,United States,Memphis,Tennessee,38109,South,OFF-ST-10000798,Office Supplies,Storage,2300 Heavy-Duty Transfer File Systems by Perma,99.92,5,0.2,-1.249,False
9436,CA-2016-119627,8/17/2016 0:00,8/23/2016 0:00,Standard Class,SC-20725,Steven Cartwright,Consumer,United States,Peoria,Arizona,85345,West,TEC-AC-10001142,Technology,Accessories,First Data FD10 PIN Pad,252.8,4,0.2,-31.6,False
8341,CA-2015-161634,11/14/2015 0:00,11/20/2015 0:00,Standard Class,CC-12220,Chris Cortes,Consumer,United States,Chesapeake,Virginia,23320,South,OFF-PA-10002262,Office Supplies,Paper,Xerox 192,32.4,5,0.0,15.552,False
9973,CA-2017-130225,9/11/2017 0:00,9/17/2017 0:00,Standard Class,RC-19960,Ryan Crowe,Consumer,United States,Houston,Texas,77041,Central,OFF-EN-10000056,Office Supplies,Envelopes,Cameo Buff Policy Envelopes,99.568,2,0.2,33.6042,False
1733,US-2017-131149,7/10/2017 0:00,7/14/2017 0:00,Standard Class,LH-17155,Logan Haushalter,Consumer,United States,Dallas,Texas,75081,Central,OFF-ST-10000689,Office Supplies,Storage,"Fellowes Strictly Business Drawer File, Letter/Legal Size",338.04,3,0.2,-33.804,False
6870,US-2017-126452,8/21/2017 0:00,8/28/2017 0:00,Standard Class,SC-20230,Scot Coram,Corporate,United States,Los Angeles,California,90004,West,OFF-PA-10003848,Office Supplies,Paper,Xerox 1997,12.96,2,0.0,6.2208,False
4592,CA-2017-129868,12/26/2017 0:00,12/31/2017 0:00,Standard Class,MC-18130,Mike Caudle,Corporate,United States,Los Angeles,California,90004,West,TEC-PH-10002275,Technology,Phones,Mitel 5320 IP Phone VoIP phone,302.384,2,0.2,30.2384,False
4468,CA-2018-168641,11/24/2018 0:00,12/1/2018 0:00,Standard Class,KA-16525,Kelly Andreada,Consumer,United States,New York City,New York,10035,East,OFF-EN-10003001,Office Supplies,Envelopes,Ames Color-File Green Diamond Border X-ray Mailers,167.96,2,0.0,78.9412,False
8532,CA-2017-156748,11/30/2017 0:00,12/6/2017 0:00,Standard Class,BS-11755,Bruce Stewart,Consumer,United States,Detroit,Michigan,48227,Central,OFF-PA-10002713,Office Supplies,Paper,"Adams Phone Message Book, 200 Message Capacity, 8 1/16” x 11”",13.76,2,0.0,6.3296,False
9817,CA-2016-162201,6/8/2016 0:00,6/12/2016 0:00,Standard Class,AG-10495,Andrew Gjertsen,Corporate,United States,Saint Petersburg,Florida,33710,South,OFF-ST-10000046,Office Supplies,Storage,Fellowes Super Stor/Drawer Files,516.96,4,0.2,-6.462,False
7906,US-2016-118766,10/15/2016 0:00,10/22/2016 0:00,Standard Class,LS-16975,Lindsay Shagiari,Home Office,United States,Dallas,Texas,75217,Central,OFF-EN-10001415,Office Supplies,Envelopes,Staple envelope,4.464,1,0.2,1.674,False
1800,CA-2017-121034,8/8/2017 0:00,8/10/2017 0:00,Second Class,JF-15565,Jill Fjeld,Consumer,United States,Dallas,Texas,75081,Central,OFF-FA-10000585,Office Supplies,Fasteners,OIC Bulk Pack Metal Binder Clips,11.168,4,0.2,3.6296,False
6994,CA-2016-109386,11/8/2016 0:00,11/13/2016 0:00,Second Class,RH-19600,Rob Haberlin,Consumer,United States,Hampton,Virginia,23666,South,OFF-AR-10000380,Office Supplies,Art,"Hunt PowerHouse Electric Pencil Sharpener, Blue",265.86,7,0.0,79.758,False
6995,CA-2016-109386,11/8/2016 0:00,11/13/2016 0:00,Second Class,RH-19600,Rob Haberlin,Consumer,United States,Hampton,Virginia,23666,South,OFF-AR-10000122,Office Supplies,Art,Newell 314,27.9,5,0.0,6.975,False
9089,CA-2016-150308,12/15/2016 0:00,12/20/2016 0:00,Standard Class,RR-19525,Rick Reed,Corporate,United States,Cary,North Carolina,27511,South,TEC-PH-10001433,Technology,Phones,Cisco Small Business SPA 502G VoIP phone,246.168,3,0.2,21.5397,False
1985,CA-2015-164721,11/25/2015 0:00,11/27/2015 0:00,Second Class,LW-16825,Laurel Workman,Corporate,United States,Brentwood,California,94513,West,FUR-FU-10001940,Furniture,Furnishings,Staple-based wall hangings,23.88,3,0.0,10.5072,False
2480,CA-2018-141992,6/19/2018 0:00,6/25/2018 0:00,Standard Class,FO-14305,Frank Olsen,Consumer,United States,Dallas,Texas,75220,Central,OFF-SU-10002557,Office Supplies,Supplies,Fiskars Spring-Action Scissors,11.184,1,0.2,0.8388,False
8668,CA-2017-149916,12/22/2017 0:00,12/24/2017 0:00,Second Class,ED-13885,Emily Ducich,Home Office,United States,Seattle,Washington,98115,West,OFF-BI-10004002,Office Supplies,Binders,Wilson Jones International Size A4 Ring Binders,55.36,4,0.2,19.376,False
6046,CA-2016-113215,9/3/2016 0:00,9/8/2016 0:00,Standard Class,CP-12085,Cathy Prescott,Corporate,United States,Tucson,Arizona,85705,West,FUR-FU-10002937,Furniture,Furnishings,"GE 48"" Fluorescent Tube, Cool White Energy Saver, 34 Watts, 30/Box",238.152,3,0.2,89.307,False
432,US-2017-123750,4/15/2017 0:00,4/21/2017 0:00,Standard Class,RB-19795,Ross Baird,Home Office,United States,Gastonia,North Carolina,28052,South,TEC-AC-10004659,Technology,Accessories,Imation Secure+ Hardware Encrypted USB 2.0 Flash Drive; 16GB,291.96,5,0.2,54.7425,False
2712,CA-2018-132430,10/9/2018 0:00,10/11/2018 0:00,First Class,CP-12085,Cathy Prescott,Corporate,United States,Lakewood,Ohio,44107,East,FUR-FU-10003577,Furniture,Furnishings,Nu-Dell Leatherette Frames,45.888,4,0.2,9.1776,False
9295,CA-2018-161340,5/28/2018 0:00,6/1/2018 0:00,Standard Class,AM-10360,Alice McCarthy,Corporate,United States,Cleveland,Ohio,44105,East,OFF-PA-10002464,Office Supplies,Paper,HP Office Recycled Paper (20Lb. and 87 Bright),13.872,3,0.2,5.0286,False
4236,CA-2015-168823,9/21/2015 0:00,9/24/2015 0:00,First Class,MA-17560,Matt Abelman,Home Office,United States,Philadelphia,Pennsylvania,19143,East,OFF-LA-10004425,Office Supplies,Labels,Staple-on labels,20.808,9,0.2,7.0227,False
236,US-2018-100930,4/7/2018 0:00,4/12/2018 0:00,Standard Class,CS-12400,Christopher Schild,Home Office,United States,Tampa,Florida,33614,South,TEC-AC-10003832,Technology,Accessories,Logitech P710e Mobile Speakerphone,617.976,3,0.2,-7.7247,False
3691,US-2016-131359,10/30/2016 0:00,11/2/2016 0:00,Second Class,FA-14230,Frank Atkinson,Corporate,United States,Denver,Colorado,80219,West,TEC-MA-10000597,Technology,Machines,Lexmark S315 Color Inkjet Printer,59.994,2,0.7,-45.9954,False
5243,CA-2018-146367,8/4/2018 0:00,8/8/2018 0:00,Standard Class,HM-14860,Harry Marie,Corporate,United States,Carrollton,Texas,75007,Central,OFF-BI-10002827,Office Supplies,Binders,Avery Durable Poly Binders,3.318,3,0.8,-5.6406,False
830,CA-2018-129462,6/16/2018 0:00,6/21/2018 0:00,Second Class,JE-15745,Joel Eaton,Consumer,United States,Florence,Kentucky,41042,South,FUR-CH-10000665,Furniture,Chairs,"Global Airflow Leather Mesh Back Chair, Black",301.96,2,0.0,90.588,False
1254,CA-2018-144638,3/10/2018 0:00,3/14/2018 0:00,Standard Class,MH-18115,Mick Hernandez,Home Office,United States,Chester,Pennsylvania,19013,East,OFF-AR-10003958,Office Supplies,Art,Newell 337,5.248,2,0.2,0.5904,False
9063,CA-2017-101623,2/28/2017 0:00,3/6/2017 0:00,Standard Class,RR-19525,Rick Reed,Corporate,United States,New York City,New York,10035,East,OFF-FA-10003495,Office Supplies,Fasteners,Staples,36.48,6,0.0,18.24,False
9948,CA-2018-121559,6/1/2018 0:00,6/3/2018 0:00,Second Class,HW-14935,Helen Wasserman,Corporate,United States,Indianapolis,Indiana,46203,Central,FUR-CH-10003746,Furniture,Chairs,Hon 4070 Series Pagoda Round Back Stacking Chairs,1925.88,6,0.0,539.2464,False
9262,CA-2018-111388,9/2/2018 0:00,9/2/2018 0:00,Same Day,SU-20665,Stephanie Ulpright,Home Office,United States,Seattle,Washington,98103,West,FUR-CH-10003061,Furniture,Chairs,"Global Leather Task Chair, Black",215.976,3,0.2,-2.6997,False
8372,CA-2015-165393,12/27/2015 0:00,12/30/2015 0:00,First Class,NC-18415,Nathan Cano,Consumer,United States,Fort Worth,Texas,76106,Central,OFF-BI-10001658,Office Supplies,Binders,GBC Standard Therm-A-Bind Covers,4.984,1,0.8,-8.4728,False
9257,CA-2015-168368,2/11/2015 0:00,2/15/2015 0:00,Second Class,GA-14725,Guy Armstrong,Consumer,United States,Columbia,Missouri,65203,Central,OFF-BI-10004728,Office Supplies,Binders,Wilson Jones Turn Tabs Binder Tool for Ring Binders,9.64,2,0.0,4.4344,False
9775,CA-2015-169019,7/26/2015 0:00,7/30/2015 0:00,Standard Class,LF-17185,Luke Foster,Consumer,United States,San Antonio,Texas,78207,Central,OFF-BI-10004995,Office Supplies,Binders,GBC DocuBind P400 Electric Binding System,2177.584,8,0.8,-3701.8928,False
4139,CA-2017-117226,12/30/2017 0:00,1/1/2018 0:00,First Class,KD-16495,Keith Dawkins,Corporate,United States,Deer Park,Texas,77536,Central,OFF-BI-10004654,Office Supplies,Binders,Avery Binding System Hidden Tab Executive Style Index Sets,6.924,6,0.8,-10.386,False
7211,US-2017-119046,6/2/2017 0:00,6/6/2017 0:00,Standard Class,EH-13765,Edward Hooks,Corporate,United States,Seattle,Washington,98115,West,OFF-PA-10000246,Office Supplies,Paper,Riverleaf Stik-Withit Designer Note Cubes,30.18,3,0.0,13.8828,False
4282,CA-2015-166989,11/14/2015 0:00,11/18/2015 0:00,Standard Class,RM-19675,Robert Marley,Home Office,United States,New York City,New York,10011,East,FUR-CH-10001797,Furniture,Chairs,"Safco Chair Connectors, 6/Carton",69.264,2,0.1,14.6224,False
1885,CA-2018-154718,1/19/2018 0:00,1/23/2018 0:00,Second Class,DL-12865,Dan Lawera,Consumer,United States,Keller,Texas,76248,Central,OFF-LA-10003714,Office Supplies,Labels,Avery 510,6.0,2,0.2,2.1,False
9132,CA-2018-100055,5/28/2018 0:00,6/1/2018 0:00,Standard Class,MD-17860,Michael Dominguez,Corporate,United States,Laurel,Maryland,20707,East,FUR-FU-10001473,Furniture,Furnishings,DAX Wood Document Frame,27.46,2,0.0,9.8856,False
5402,CA-2018-132262,9/21/2018 0:00,9/23/2018 0:00,First Class,ML-18265,Muhammed Lee,Consumer,United States,Seattle,Washington,98103,West,TEC-AC-10000303,Technology,Accessories,Logitech M510 Wireless Mouse,79.98,2,0.0,26.3934,False
7332,CA-2018-115119,10/26/2018 0:00,10/30/2018 0:00,Standard Class,SC-20440,Shaun Chance,Corporate,United States,Lancaster,Pennsylvania,17602,East,TEC-PH-10001433,Technology,Phones,Cisco Small Business SPA 502G VoIP phone,61.542,1,0.4,-13.3341,False
4293,CA-2018-102407,12/9/2018 0:00,12/13/2018 0:00,Second Class,AT-10435,Alyssa Tate,Home Office,United States,Los Angeles,California,90004,West,OFF-AP-10001394,Office Supplies,Appliances,Harmony Air Purifier,189.0,1,0.0,68.04,False
1277,CA-2017-119186,5/26/2017 0:00,5/26/2017 0:00,Same Day,MS-17710,Maurice Satty,Consumer,United States,Fort Worth,Texas,76106,Central,TEC-AC-10000580,Technology,Accessories,Logitech G13 Programmable Gameboard with LCD Display,63.992,1,0.2,-7.1991,False
1291,CA-2017-163384,11/10/2017 0:00,11/12/2017 0:00,First Class,CC-12430,Chuck Clark,Home Office,United States,San Francisco,California,94122,West,OFF-BI-10004970,Office Supplies,Binders,"ACCOHIDE 3-Ring Binder, Blue, 1""",13.216,4,0.2,4.4604,False
7594,CA-2017-158778,9/5/2017 0:00,9/9/2017 0:00,Standard Class,DB-13210,Dean Braden,Consumer,United States,Philadelphia,Pennsylvania,19134,East,FUR-CH-10000309,Furniture,Chairs,Global Comet Stacking Arm Chair,887.271,3,0.3,-63.3765,False
3013,CA-2018-134845,4/17/2018 0:00,4/23/2018 0:00,Standard Class,SR-20425,Sharelle Roach,Home Office,United States,Louisville,Colorado,80027,West,OFF-BI-10001543,Office Supplies,Binders,GBC VeloBinder Manual Binding System,21.594,2,0.7,-15.8356,False
5692,US-2016-138093,12/10/2016 0:00,12/16/2016 0:00,Standard Class,KM-16225,Kalyca Meade,Corporate,United States,Baltimore,Maryland,21215,East,OFF-PA-10001509,Office Supplies,Paper,"Recycled Desk Saver Line ""While You Were Out"" Book, 5 1/2"" X 4""",44.75,5,0.0,20.585,False
9938,CA-2017-164889,6/3/2017 0:00,6/6/2017 0:00,Second Class,CP-12340,Christine Phan,Corporate,United States,Los Angeles,California,90049,West,FUR-TA-10001676,Furniture,Tables,Hon 61000 Series Interactive Training Tables,71.088,2,0.2,-1.7772,False
425,CA-2018-155705,8/21/2018 0:00,8/23/2018 0:00,Second Class,NF-18385,Natalie Fritzler,Consumer,United States,Jackson,Mississippi,39212,South,FUR-CH-10000015,Furniture,Chairs,Hon Multipurpose Stacking Arm Chairs,866.4,4,0.0,225.264,False
2221,CA-2018-130841,7/28/2018 0:00,8/1/2018 0:00,Standard Class,MH-17620,Matt Hagelstein,Corporate,United States,San Francisco,California,94110,West,TEC-PH-10001817,Technology,Phones,Wilson Electronics DB Pro Signal Booster,1145.6,4,0.2,100.24,False
7024,CA-2015-124737,8/23/2015 0:00,8/27/2015 0:00,Standard Class,AP-10915,Arthur Prichep,Consumer,United States,Denver,Colorado,80219,West,OFF-PA-10000019,Office Supplies,Paper,Xerox 1931,31.104,6,0.2,10.8864,False
2928,CA-2018-158106,6/4/2018 0:00,6/10/2018 0:00,Standard Class,CT-11995,Carol Triggs,Consumer,United States,Apple Valley,Minnesota,55124,Central,OFF-AR-10002255,Office Supplies,Art,Newell 346,8.64,3,0.0,2.5056,False
8287,CA-2015-156244,8/12/2015 0:00,8/16/2015 0:00,Standard Class,DH-13675,Duane Huffman,Home Office,United States,Miami,Florida,33180,South,OFF-PA-10000295,Office Supplies,Paper,Xerox 229,31.104,6,0.2,10.8864,False
7500,CA-2018-121048,7/14/2018 0:00,7/18/2018 0:00,Standard Class,TC-21295,Toby Carlisle,Consumer,United States,Westminster,California,92683,West,FUR-FU-10002960,Furniture,Furnishings,"Eldon 200 Class Desk Accessories, Burgundy",18.84,3,0.0,7.9128,False
2073,CA-2017-129693,11/26/2017 0:00,12/2/2017 0:00,Standard Class,TC-20980,Tamara Chand,Corporate,United States,Seattle,Washington,98105,West,OFF-BI-10002954,Office Supplies,Binders,Newell 3-Hole Punched Plastic Slotted Magazine Holders for Binders,7.312,2,0.2,2.5592,False
9189,US-2016-130512,8/21/2016 0:00,8/25/2016 0:00,Standard Class,SM-20320,Sean Miller,Home Office,United States,Allentown,Pennsylvania,18103,East,TEC-AC-10000290,Technology,Accessories,Sabrent 4-Port USB 2.0 Hub,21.728,4,0.2,3.8024,False
1352,CA-2017-162901,3/28/2017 0:00,3/31/2017 0:00,First Class,AS-10045,Aaron Smayling,Corporate,United States,Arlington,Virginia,22204,South,OFF-ST-10000649,Office Supplies,Storage,Hanging Personal Folder File,31.4,2,0.0,7.85,False
2339,CA-2015-110639,8/23/2015 0:00,8/23/2015 0:00,Same Day,RH-19495,Rick Hansen,Consumer,United States,New York City,New York,10009,East,OFF-PA-10004530,Office Supplies,Paper,Personal Creations Ink Jet Cards and Labels,45.92,4,0.0,22.5008,False
5882,CA-2017-133935,9/18/2017 0:00,9/22/2017 0:00,Standard Class,JW-15220,Jane Waco,Corporate,United States,San Diego,California,92105,West,OFF-PA-10000100,Office Supplies,Paper,Xerox 1945,368.91,9,0.0,180.7659,False
8706,US-2015-132745,10/1/2015 0:00,10/5/2015 0:00,Standard Class,NF-18475,Neil Französisch,Home Office,United States,Reno,Nevada,89502,West,OFF-FA-10000254,Office Supplies,Fasteners,Sterling Rubber Bands by Alliance,4.71,1,0.0,0.0,False
9564,CA-2017-129280,5/3/2017 0:00,5/5/2017 0:00,First Class,SM-20905,Susan MacKendrick,Consumer,United States,Newark,Ohio,43055,East,OFF-LA-10000081,Office Supplies,Labels,Avery 496,6.0,2,0.2,2.1,False
8735,CA-2018-116988,6/27/2018 0:00,6/29/2018 0:00,Second Class,PW-19030,Pauline Webber,Corporate,United States,Seattle,Washington,98105,West,TEC-AC-10003832,Technology,Accessories,Logitech P710e Mobile Speakerphone,1287.45,5,0.0,244.6155,False
6091,CA-2018-100111,9/20/2018 0:00,9/26/2018 0:00,Standard Class,SV-20365,Seth Vernon,Consumer,United States,New York City,New York,10035,East,FUR-CH-10003846,Furniture,Chairs,Hon Valutask Swivel Chairs,272.646,3,0.1,18.1764,False
4850,CA-2015-107818,9/8/2015 0:00,9/14/2015 0:00,Standard Class,MC-17275,Marc Crier,Consumer,United States,Pasco,Washington,99301,West,OFF-AR-10003045,Office Supplies,Art,Prang Colored Pencils,5.88,2,0.0,2.646,False
3985,CA-2017-135265,7/7/2017 0:00,7/9/2017 0:00,Second Class,CC-12370,Christopher Conant,Consumer,United States,Los Angeles,California,90045,West,OFF-PA-10002923,Office Supplies,Paper,Xerox 1942,48.94,1,0.0,24.47,False
5889,CA-2016-147879,5/7/2016 0:00,5/12/2016 0:00,Standard Class,CC-12220,Chris Cortes,Consumer,United States,Owensboro,Kentucky,42301,South,OFF-PA-10001952,Office Supplies,Paper,Xerox 1902,45.68,2,0.0,21.0128,False
5216,CA-2017-145898,9/26/2017 0:00,9/26/2017 0:00,Same Day,CM-12445,Chuck Magee,Consumer,United States,Redlands,California,92374,West,OFF-PA-10001667,Office Supplies,Paper,Great White Multi-Use Recycled Paper (20Lb. and 84 Bright),29.9,5,0.0,13.455,False
4755,CA-2018-126354,2/3/2018 0:00,2/8/2018 0:00,Standard Class,SC-20380,Shahid Collister,Consumer,United States,Pembroke Pines,Florida,33024,South,OFF-BI-10000301,Office Supplies,Binders,GBC Instant Report Kit,3.882,2,0.7,-2.588,False
7319,CA-2018-158120,11/17/2018 0:00,11/21/2018 0:00,Standard Class,KH-16330,Katharine Harms,Corporate,United States,Hillsboro,Oregon,97123,West,OFF-BI-10002813,Office Supplies,Binders,Avery Reinforcements for Hole-Punch Pages,4.158,7,0.7,-3.465,False
757,CA-2015-106803,12/29/2015 0:00,1/2/2016 0:00,Standard Class,DC-13285,Debra Catini,Consumer,United States,Cottage Grove,Minnesota,55016,Central,OFF-ST-10002444,Office Supplies,Storage,Recycled Eldon Regeneration Jumbo File,24.56,2,0.0,6.8768,False
3747,CA-2017-149979,9/23/2017 0:00,9/28/2017 0:00,Second Class,RA-19915,Russell Applegate,Consumer,United States,Columbus,Georgia,31907,South,FUR-CH-10002084,Furniture,Chairs,Hon Mobius Operator's Chair,368.97,3,0.0,81.1734,False
99,CA-2017-149223,9/6/2017 0:00,9/11/2017 0:00,Standard Class,ER-13855,Elpida Rittenbach,Corporate,United States,Saint Paul,Minnesota,55106,Central,OFF-AP-10000358,Office Supplies,Appliances,Fellowes Basic Home/Office Series Surge Protectors,77.88,6,0.0,22.5852,False
6089,CA-2016-137281,6/13/2016 0:00,6/17/2016 0:00,Standard Class,BF-10975,Barbara Fisher,Corporate,United States,Roswell,Georgia,30076,South,OFF-PA-10001870,Office Supplies,Paper,Xerox 202,6.48,1,0.0,3.1104,False
7512,US-2018-161935,7/14/2018 0:00,7/18/2018 0:00,Standard Class,JL-15835,John Lee,Consumer,United States,Columbus,Ohio,43229,East,FUR-FU-10002937,Furniture,Furnishings,"GE 48"" Fluorescent Tube, Cool White Energy Saver, 34 Watts, 30/Box",396.92,5,0.2,148.845,False
2751,CA-2015-154669,8/8/2015 0:00,8/11/2015 0:00,Second Class,TM-21010,Tamara Manning,Consumer,United States,Vacaville,California,95687,West,OFF-ST-10000532,Office Supplies,Storage,Advantus Rolling Drawer Organizers,423.28,11,0.0,110.0528,False
8871,CA-2018-101805,12/1/2018 0:00,12/6/2018 0:00,Standard Class,SH-19975,Sally Hughsby,Corporate,United States,Seattle,Washington,98105,West,FUR-FU-10000023,Furniture,Furnishings,Eldon Wave Desk Accessories,70.68,12,0.0,31.0992,False
9107,CA-2016-163181,11/7/2016 0:00,11/12/2016 0:00,Standard Class,AB-10105,Adrian Barton,Consumer,United States,Houston,Texas,77041,Central,TEC-MA-10001016,Technology,Machines,Canon PC170 Desktop Personal Copier,287.91,3,0.4,33.5895,False
617,CA-2018-117947,8/18/2018 0:00,8/23/2018 0:00,Second Class,NG-18355,Nat Gilpin,Corporate,United States,New York City,New York,10011,East,FUR-FU-10003849,Furniture,Furnishings,"DAX Metal Frame, Desktop, Stepped-Edge",40.48,2,0.0,15.7872,False
7094,CA-2016-119480,1/9/2016 0:00,1/13/2016 0:00,Standard Class,CC-12685,Craig Carroll,Consumer,United States,Henderson,Kentucky,42420,South,OFF-PA-10004996,Office Supplies,Paper,"Speediset Carbonless Redi-Letter 7"" x 8 1/2""",51.55,5,0.0,24.2285,False
9681,CA-2016-130113,12/27/2016 0:00,12/31/2016 0:00,Standard Class,AH-10030,Aaron Hawkins,Corporate,United States,San Francisco,California,94122,West,TEC-PH-10003505,Technology,Phones,Geemarc AmpliPOWER60,668.16,9,0.2,75.168,False
1867,CA-2018-118857,4/15/2018 0:00,4/18/2018 0:00,First Class,AH-10075,Adam Hart,Corporate,United States,Henderson,Nevada,89015,West,FUR-FU-10004460,Furniture,Furnishings,"Howard Miller 12"" Round Wall Clock",196.45,5,0.0,70.722,False
7321,CA-2018-100097,11/26/2018 0:00,11/29/2018 0:00,Second Class,MN-17935,Michael Nguyen,Consumer,United States,New York City,New York,10009,East,FUR-FU-10003623,Furniture,Furnishings,"DataProducts Ampli Magnifier Task Lamp, Black,",135.3,5,0.0,37.884,False
7864,CA-2016-143364,7/14/2016 0:00,7/19/2016 0:00,Second Class,TG-21310,Toby Gnade,Consumer,United States,Mesa,Arizona,85204,West,OFF-ST-10002743,Office Supplies,Storage,SAFCO Boltless Steel Shelving,272.736,3,0.2,-64.7748,False
3556,CA-2015-120838,3/23/2015 0:00,3/26/2015 0:00,Second Class,PO-18865,Patrick O'Donnell,Consumer,United States,Los Angeles,California,90036,West,TEC-PH-10003484,Technology,Phones,Ooma Telo VoIP Home Phone System,604.752,6,0.2,37.797,False
8227,CA-2018-104136,11/1/2018 0:00,11/4/2018 0:00,Second Class,SF-20065,Sandra Flanagan,Consumer,United States,Everett,Massachusetts,2149,East,OFF-PA-10001033,Office Supplies,Paper,Xerox 1893,40.99,1,0.0,20.0851,False
2508,CA-2016-120397,7/2/2016 0:00,7/2/2016 0:00,Same Day,RB-19435,Richard Bierner,Consumer,United States,Houston,Texas,77070,Central,OFF-AP-10001293,Office Supplies,Appliances,Belkin 8 Outlet Surge Protector,32.784,4,0.8,-85.2384,False
4380,CA-2016-140830,11/30/2016 0:00,12/2/2016 0:00,Second Class,PS-18970,Paul Stevenson,Home Office,United States,Henderson,Kentucky,42420,South,OFF-EN-10002831,Office Supplies,Envelopes,"Tyvek  Top-Opening Peel & Seel  Envelopes, Gray",71.88,2,0.0,32.346,False
3886,US-2018-127341,1/29/2018 0:00,2/2/2018 0:00,Standard Class,CK-12595,Clytie Kelty,Consumer,United States,Chicago,Illinois,60653,Central,OFF-BI-10001072,Office Supplies,Binders,"GBC Clear Cover, 8-1/2 x 11, unpunched, 25 covers per pack",12.128,4,0.8,-20.6176,False
4859,CA-2016-137526,1/13/2016 0:00,1/17/2016 0:00,Standard Class,PB-19150,Philip Brown,Consumer,United States,Los Angeles,California,90004,West,FUR-FU-10004845,Furniture,Furnishings,"Deflect-o EconoMat Nonstudded, No Bevel Mat",464.85,9,0.0,92.97,False
6128,CA-2017-124100,3/31/2017 0:00,4/6/2017 0:00,Standard Class,EH-13990,Erica Hackney,Consumer,United States,New York City,New York,10009,East,FUR-CH-10003817,Furniture,Chairs,"Global Value Steno Chair, Gray",327.996,6,0.1,54.666,False
9315,CA-2016-111948,11/11/2016 0:00,11/11/2016 0:00,Same Day,AG-10495,Andrew Gjertsen,Corporate,United States,Detroit,Michigan,48234,Central,OFF-AP-10002311,Office Supplies,Appliances,"Holmes Replacement Filter for HEPA Air Cleaner, Very Large Room, HEPA Filter",123.858,2,0.1,46.7908,False
2432,CA-2018-129805,12/28/2018 0:00,1/2/2019 0:00,Standard Class,HM-14860,Harry Marie,Corporate,United States,Seattle,Washington,98103,West,FUR-FU-10001935,Furniture,Furnishings,3M Hangers With Command Adhesive,7.4,2,0.0,3.034,False
177,US-2018-152366,4/21/2018 0:00,4/25/2018 0:00,Second Class,SJ-20500,Shirley Jackson,Consumer,United States,Houston,Texas,77036,Central,OFF-AP-10002684,Office Supplies,Appliances,"Acco 7-Outlet Masterpiece Power Center, Wihtout Fax/Phone Line Protection",97.264,4,0.8,-243.16,False
558,CA-2017-113243,6/10/2017 0:00,6/15/2017 0:00,Standard Class,OT-18730,Olvera Toch,Consumer,United States,Los Angeles,California,90045,West,FUR-TA-10004256,Furniture,Tables,Bretford “Just In Time” Height-Adjustable Multi-Task Work Tables,1335.68,4,0.2,-217.048,False
4366,CA-2018-111332,5/20/2018 0:00,5/22/2018 0:00,Second Class,NC-18340,Nat Carroll,Consumer,United States,Fargo,North Dakota,58103,Central,OFF-FA-10001843,Office Supplies,Fasteners,Staples,7.41,3,0.0,3.4827,False
3659,CA-2016-128083,3/12/2016 0:00,3/17/2016 0:00,Standard Class,EB-13750,Edward Becker,Corporate,United States,Plantation,Florida,33317,South,FUR-FU-10003194,Furniture,Furnishings,"Eldon Expressions Desk Accessory, Wood Pencil Holder, Oak",30.88,4,0.2,3.86,False
8027,CA-2016-132465,9/11/2016 0:00,9/15/2016 0:00,Second Class,DM-13525,Don Miller,Corporate,United States,New York City,New York,10035,East,OFF-ST-10003641,Office Supplies,Storage,Space Solutions Industrial Galvanized Steel Shelving.,78.8,1,0.0,1.576,False
3759,CA-2016-167745,9/18/2016 0:00,9/23/2016 0:00,Standard Class,GB-14530,George Bell,Corporate,United States,Los Angeles,California,90049,West,OFF-AR-10003602,Office Supplies,Art,"Quartet Omega Colored Chalk, 12/Pack",11.68,2,0.0,5.4896,False
5977,CA-2018-102155,7/13/2018 0:00,7/17/2018 0:00,Standard Class,RR-19525,Rick Reed,Corporate,United States,Overland Park,Kansas,66212,Central,OFF-PA-10003673,Office Supplies,Paper,Strathmore Photo Mount Cards,13.56,2,0.0,6.2376,False
9237,CA-2017-126732,9/2/2017 0:00,9/6/2017 0:00,Standard Class,LR-16915,Lena Radford,Consumer,United States,Los Angeles,California,90036,West,FUR-TA-10001539,Furniture,Tables,Chromcraft Rectangular Conference Tables,568.728,3,0.2,28.4364,False
3250,CA-2017-159730,9/17/2017 0:00,9/21/2017 0:00,Standard Class,SJ-20125,Sanjit Jacobs,Home Office,United States,Seattle,Washington,98103,West,TEC-PH-10002085,Technology,Phones,Clarity 53712,105.584,2,0.2,7.9188,False
8717,CA-2017-120824,6/12/2017 0:00,6/16/2017 0:00,Second Class,AW-10930,Arthur Wiediger,Home Office,United States,Houston,Texas,77070,Central,OFF-AP-10001242,Office Supplies,Appliances,APC 7 Outlet Network SurgeArrest Surge Protector,64.384,4,0.8,-160.96,False
506,CA-2018-134978,11/12/2018 0:00,11/15/2018 0:00,Second Class,EB-13705,Ed Braxton,Corporate,United States,New York City,New York,10024,East,OFF-BI-10003274,Office Supplies,Binders,"Avery Durable Slant Ring Binders, No Labels",15.92,5,0.2,5.373,False
185,CA-2015-158274,11/19/2015 0:00,11/24/2015 0:00,Second Class,RM-19675,Robert Marley,Home Office,United States,Monroe,Louisiana,71203,South,TEC-AC-10002345,Technology,Accessories,HP Standard 104 key PS/2 Keyboard,29.0,2,0.0,7.25,False
1175,CA-2016-132080,8/22/2016 0:00,8/25/2016 0:00,First Class,DP-13105,Dave Poirier,Corporate,United States,New York City,New York,10035,East,OFF-BI-10003694,Office Supplies,Binders,"Avery 3 1/2"" Diskette Storage Pages, 10/Pack",50.112,6,0.2,16.2864,False
6476,CA-2018-140872,6/3/2018 0:00,6/10/2018 0:00,Standard Class,NR-18550,Nick Radford,Consumer,United States,Pembroke Pines,Florida,33024,South,OFF-BI-10002432,Office Supplies,Binders,Wilson Jones Standard D-Ring Binders,4.554,3,0.7,-3.4914,False
675,CA-2018-130351,12/5/2018 0:00,12/8/2018 0:00,First Class,RB-19570,Rob Beeghly,Consumer,United States,Columbus,Indiana,47201,Central,OFF-PA-10002137,Office Supplies,Paper,"Southworth 100% Résumé Paper, 24lb.",38.9,5,0.0,17.505,False
1692,CA-2018-129833,12/9/2018 0:00,12/15/2018 0:00,Standard Class,HF-14995,Herbert Flentye,Consumer,United States,Indianapolis,Indiana,46203,Central,OFF-BI-10004182,Office Supplies,Binders,Economy Binders,10.4,5,0.0,5.096,False
473,CA-2015-144666,11/9/2015 0:00,11/11/2015 0:00,Second Class,JP-15520,Jeremy Pistek,Consumer,United States,San Francisco,California,94110,West,FUR-BO-10001601,Furniture,Bookcases,"Sauder Mission Library with Doors, Fruitwood Finish",222.666,2,0.15,10.4784,False
1028,CA-2017-126529,1/11/2017 0:00,1/13/2017 0:00,Second Class,DE-13255,Deanra Eno,Home Office,United States,Springfield,Ohio,45503,East,TEC-PH-10000148,Technology,Phones,Cyber Acoustics AC-202b Speech Recognition Stereo Headset,15.588,2,0.4,-9.8724,False
6602,CA-2015-154095,12/2/2015 0:00,12/7/2015 0:00,Standard Class,ON-18715,Odella Nelson,Corporate,United States,Clinton,Maryland,20735,East,FUR-CH-10004754,Furniture,Chairs,"Global Stack Chair with Arms, Black",239.84,8,0.0,64.7568,False
6070,CA-2018-166695,5/20/2018 0:00,5/24/2018 0:00,Standard Class,CC-12430,Chuck Clark,Home Office,United States,Lakewood,California,90712,West,TEC-MA-10003176,Technology,Machines,Okidata B400 Printer,343.2,1,0.2,38.61,False
4728,CA-2015-119151,11/25/2015 0:00,11/29/2015 0:00,Second Class,MP-18175,Mike Pelletier,Home Office,United States,New York City,New York,10009,East,FUR-BO-10003159,Furniture,Bookcases,"Sauder Camden County Collection Libraries, Planked Cherry Finish",275.952,3,0.2,-37.9434,False
5110,CA-2015-138450,10/18/2015 0:00,10/22/2015 0:00,Standard Class,EH-13765,Edward Hooks,Corporate,United States,Philadelphia,Pennsylvania,19134,East,OFF-EN-10001335,Office Supplies,Envelopes,"White Business Envelopes with Contemporary Seam, Recycled White Business Envelopes",52.512,6,0.2,19.692,False
4962,CA-2015-156587,3/7/2015 0:00,3/8/2015 0:00,First Class,AB-10015,Aaron Bergman,Consumer,United States,Seattle,Washington,98103,West,FUR-CH-10004477,Furniture,Chairs,"Global Push Button Manager's Chair, Indigo",48.712,1,0.2,5.4801,False
224,CA-2016-169397,12/24/2016 0:00,12/27/2016 0:00,First Class,JB-15925,Joni Blumstein,Consumer,United States,Dublin,Ohio,43017,East,TEC-MA-10001148,Technology,Machines,Swingline SM12-08 MicroCut Jam Free Shredder,479.988,4,0.7,-383.9904,False
3108,CA-2017-121671,7/17/2017 0:00,7/22/2017 0:00,Standard Class,AA-10480,Andrew Allen,Consumer,United States,Springfield,Missouri,65807,Central,OFF-PA-10001471,Office Supplies,Paper,Strathmore Photo Frame Cards,21.93,3,0.0,10.0878,False
8243,CA-2015-109855,9/1/2015 0:00,9/5/2015 0:00,Standard Class,LH-16900,Lena Hernandez,Consumer,United States,New York City,New York,10009,East,TEC-AC-10002842,Technology,Accessories,WD My Passport Ultra 2TB Portable External Hard Drive,357.0,3,0.0,57.12,False
5139,CA-2018-128335,9/29/2018 0:00,10/5/2018 0:00,Standard Class,JA-15970,Joseph Airdo,Consumer,United States,Mount Vernon,New York,10550,East,OFF-EN-10001539,Office Supplies,Envelopes,Staple envelope,23.34,3,0.0,10.9698,False
5747,CA-2017-113733,12/8/2017 0:00,12/12/2017 0:00,Standard Class,LH-16900,Lena Hernandez,Consumer,United States,Greenville,North Carolina,27834,South,TEC-PH-10002496,Technology,Phones,Cisco SPA301,249.584,2,0.2,31.198,False
5831,CA-2017-122063,12/3/2017 0:00,12/7/2017 0:00,Standard Class,MM-17920,Michael Moore,Consumer,United States,Richmond,Indiana,47374,Central,FUR-CH-10004754,Furniture,Chairs,"Global Stack Chair with Arms, Black",29.98,1,0.0,8.0946,False
2434,US-2018-112613,5/28/2018 0:00,6/1/2018 0:00,Standard Class,JH-15910,Jonathan Howell,Consumer,United States,Houston,Texas,77070,Central,TEC-PH-10001536,Technology,Phones,Spigen Samsung Galaxy S5 Case Wallet,54.368,4,0.2,4.0776,False
5541,US-2018-150595,5/22/2018 0:00,5/26/2018 0:00,Standard Class,LE-16810,Laurel Elliston,Consumer,United States,Chicago,Illinois,60653,Central,OFF-BI-10003274,Office Supplies,Binders,"Avery Durable Slant Ring Binders, No Labels",1.592,2,0.8,-2.6268,False
194,CA-2016-102281,10/12/2016 0:00,10/14/2016 0:00,First Class,MP-17470,Mark Packer,Home Office,United States,New York City,New York,10035,East,OFF-AR-10003514,Office Supplies,Art,4009 Highlighters by Sanford,19.9,5,0.0,6.567,False
9322,US-2017-111563,11/4/2017 0:00,11/8/2017 0:00,Standard Class,SM-20005,Sally Matthias,Consumer,United States,Houston,Texas,77041,Central,FUR-FU-10002445,Furniture,Furnishings,"DAX Two-Tone Rosewood/Black Document Frame, Desktop, 5 x 7",11.376,3,0.6,-5.688,False
1149,CA-2016-112452,4/4/2016 0:00,4/4/2016 0:00,Same Day,NC-18340,Nat Carroll,Consumer,United States,Lansing,Michigan,48911,Central,OFF-BI-10003350,Office Supplies,Binders,Acco Expandable Hanging Binders,12.76,2,0.0,5.8696,False
7675,CA-2016-130974,11/27/2016 0:00,11/29/2016 0:00,Second Class,MA-17560,Matt Abelman,Home Office,United States,Everett,Massachusetts,2149,East,FUR-TA-10004619,Furniture,Tables,Hon Non-Folding Utility Tables,446.068,4,0.3,0.0,False
4151,CA-2018-106068,10/23/2018 0:00,10/28/2018 0:00,Standard Class,RB-19330,Randy Bradley,Consumer,United States,Austin,Texas,78745,Central,OFF-ST-10002344,Office Supplies,Storage,"Carina 42""Hx23 3/4""W Media Storage Unit",259.136,4,0.2,-58.3056,False
1840,CA-2015-117345,8/1/2015 0:00,8/5/2015 0:00,Standard Class,BF-10975,Barbara Fisher,Corporate,United States,Charlotte,North Carolina,28205,South,OFF-AP-10001005,Office Supplies,Appliances,Honeywell Quietcare HEPA Air Cleaner,62.92,1,0.2,10.2245,False
6108,CA-2015-120852,12/20/2015 0:00,12/25/2015 0:00,Standard Class,WB-21850,William Brown,Consumer,United States,Grand Prairie,Texas,75051,Central,TEC-AC-10004510,Technology,Accessories,Logitech Desktop MK120 Mouse and keyboard Combo,65.44,5,0.2,-8.18,False
4732,US-2016-103996,3/29/2016 0:00,3/31/2016 0:00,Second Class,RB-19435,Richard Bierner,Consumer,United States,San Diego,California,92105,West,OFF-PA-10001609,Office Supplies,Paper,Tops Wirebound Message Log Books,9.87,3,0.0,4.5402,False
4617,CA-2016-159863,9/4/2016 0:00,9/7/2016 0:00,Second Class,DS-13180,David Smith,Corporate,United States,Houston,Texas,77095,Central,TEC-AC-10000109,Technology,Accessories,Sony Micro Vault Click 16 GB USB 2.0 Flash Drive,134.376,3,0.2,6.7188,False
9846,CA-2015-163867,6/3/2015 0:00,6/6/2015 0:00,First Class,RE-19450,Richard Eichhorn,Consumer,United States,Decatur,Illinois,62521,Central,OFF-ST-10000877,Office Supplies,Storage,Recycled Steel Personal File for Standard File Folders,132.696,3,0.2,9.9522,False
924,CA-2016-111164,4/11/2016 0:00,4/15/2016 0:00,Standard Class,SE-20110,Sanjit Engle,Consumer,United States,New York City,New York,10009,East,OFF-AP-10004487,Office Supplies,Appliances,Kensington 4 Outlet MasterPiece Compact Power Control Center,406.6,5,0.0,113.848,False
9863,CA-2018-113278,1/14/2018 0:00,1/20/2018 0:00,Standard Class,HR-14770,Hallie Redmond,Home Office,United States,Richmond,Indiana,47374,Central,TEC-AC-10001445,Technology,Accessories,Imation USB 2.0 Swivel Flash Drive USB flash drive - 4 GB - Pink,12.12,4,0.0,2.5452,False
3313,US-2015-133130,9/27/2015 0:00,10/1/2015 0:00,Standard Class,TH-21100,Thea Hendricks,Consumer,United States,San Diego,California,92037,West,FUR-CH-10002602,Furniture,Chairs,DMI Arturo Collection Mission-style Design Wood Chair,603.92,5,0.2,45.294,False
8596,CA-2015-111934,5/5/2015 0:00,5/7/2015 0:00,First Class,GD-14590,Giulietta Dortch,Corporate,United States,Arlington,Virginia,22204,South,OFF-BI-10004364,Office Supplies,Binders,Storex Dura Pro Binders,11.88,2,0.0,5.346,False
8105,CA-2016-149846,5/22/2016 0:00,5/26/2016 0:00,Standard Class,SB-20185,Sarah Brown,Consumer,United States,Los Angeles,California,90045,West,TEC-PH-10003645,Technology,Phones,Aastra 57i VoIP phone,775.728,6,0.2,58.1796,False
5773,CA-2016-158939,11/26/2016 0:00,12/1/2016 0:00,Standard Class,EA-14035,Erin Ashbrook,Corporate,United States,Springfield,Missouri,65807,Central,TEC-CO-10002313,Technology,Copiers,Canon PC1080F Personal Copier,599.99,1,0.0,233.9961,False
4967,CA-2016-122406,8/2/2016 0:00,8/5/2016 0:00,Second Class,BE-11455,Brad Eason,Home Office,United States,Providence,Rhode Island,2908,East,TEC-PH-10001527,Technology,Phones,Plantronics MX500i Earset,128.85,3,0.0,3.8655,False
8714,CA-2018-136623,7/11/2018 0:00,7/16/2018 0:00,Standard Class,TS-21430,Tom Stivers,Corporate,United States,San Diego,California,92105,West,TEC-PH-10000004,Technology,Phones,Belkin iPhone and iPad Lightning Cable,71.952,6,0.2,5.3964,False
5399,CA-2017-163202,9/27/2017 0:00,10/2/2017 0:00,Standard Class,BM-11650,Brian Moss,Corporate,United States,Lancaster,Ohio,43130,East,OFF-BI-10002764,Office Supplies,Binders,Recycled Pressboard Report Cover with Reinforced Top Hinge,2.907,3,0.7,-2.0349,False
7,CA-2015-115812,6/9/2015 0:00,6/14/2015 0:00,Standard Class,BH-11710,Brosina Hoffman,Consumer,United States,Los Angeles,California,90032,West,OFF-AR-10002833,Office Supplies,Art,Newell 322,7.28,4,0.0,1.9656,False
2057,CA-2018-120376,12/22/2018 0:00,12/25/2018 0:00,First Class,TP-21130,Theone Pippenger,Consumer,United States,Detroit,Michigan,48227,Central,FUR-CH-10002335,Furniture,Chairs,Hon GuestStacker Chair,1586.69,7,0.0,412.5394,False
3197,CA-2018-109750,7/22/2018 0:00,7/28/2018 0:00,Standard Class,FH-14365,Fred Hopkins,Corporate,United States,New York City,New York,10009,East,TEC-PH-10000702,Technology,Phones,"Square Credit Card Reader, 4 1/2"" x 4 1/2"" x 1"", White",29.97,3,0.0,14.0859,False
9144,US-2018-166688,5/20/2018 0:00,5/26/2018 0:00,Standard Class,RD-19480,Rick Duston,Consumer,United States,Las Vegas,Nevada,89115,West,TEC-PH-10004094,Technology,Phones,Motorola L703CM,1123.128,9,0.2,70.1955,False
6428,CA-2017-143714,5/23/2017 0:00,5/27/2017 0:00,Standard Class,CC-12370,Christopher Conant,Consumer,United States,Philadelphia,Pennsylvania,19120,East,OFF-PA-10000029,Office Supplies,Paper,Xerox 224,10.368,2,0.2,3.6288,False
6617,CA-2017-123512,6/17/2017 0:00,6/19/2017 0:00,First Class,MV-18190,Mike Vittorini,Consumer,United States,Los Angeles,California,90045,West,OFF-LA-10000081,Office Supplies,Labels,Avery 496,22.5,6,0.0,10.8,False
3628,CA-2018-113530,5/19/2018 0:00,5/21/2018 0:00,Second Class,BC-11125,Becky Castell,Home Office,United States,San Francisco,California,94109,West,TEC-AC-10001465,Technology,Accessories,SanDisk Cruzer 64 GB USB Flash Drive,36.32,1,0.0,10.896,False
9615,CA-2015-128524,11/11/2015 0:00,11/13/2015 0:00,First Class,MZ-17515,Mary Zewe,Corporate,United States,Seattle,Washington,98115,West,TEC-AC-10002718,Technology,Accessories,Belkin Standard 104 key USB Keyboard,102.13,7,0.0,15.3195,False
112,CA-2017-128867,11/3/2017 0:00,11/10/2017 0:00,Standard Class,CL-12565,Clay Ludtke,Consumer,United States,Urbandale,Iowa,50322,Central,OFF-AR-10000380,Office Supplies,Art,"Hunt PowerHouse Electric Pencil Sharpener, Blue",75.96,2,0.0,22.788,False
7597,CA-2016-164567,6/15/2016 0:00,6/19/2016 0:00,Standard Class,GK-14620,Grace Kelly,Corporate,United States,Los Angeles,California,90004,West,TEC-PH-10002103,Technology,Phones,Jabra SPEAK 410,225.576,3,0.2,22.5576,False
9272,CA-2017-100510,5/12/2017 0:00,5/17/2017 0:00,Standard Class,HM-14860,Harry Marie,Corporate,United States,New York City,New York,10024,East,FUR-FU-10000320,Furniture,Furnishings,OIC Stacking Trays,10.02,3,0.0,4.4088,False
9479,CA-2015-126193,9/7/2015 0:00,9/14/2015 0:00,Standard Class,SS-20410,Shahid Shariari,Consumer,United States,Oswego,Illinois,60543,Central,OFF-FA-10000936,Office Supplies,Fasteners,Acco Hot Clips Clips to Go,13.16,5,0.2,4.1125,False
7149,CA-2017-139941,6/12/2017 0:00,6/17/2017 0:00,Standard Class,CB-12415,Christy Brittain,Consumer,United States,Long Beach,New York,11561,East,OFF-AP-10004036,Office Supplies,Appliances,Bionaire 99.97% HEPA Air Cleaner,52.56,3,0.0,18.396,False
4970,CA-2016-122406,8/2/2016 0:00,8/5/2016 0:00,Second Class,BE-11455,Brad Eason,Home Office,United States,Providence,Rhode Island,2908,East,FUR-CH-10001973,Furniture,Chairs,Office Star Flex Back Scooter Chair with White Frame,110.98,1,0.0,15.5372,False
5768,CA-2018-126396,9/8/2018 0:00,9/12/2018 0:00,Second Class,AR-10345,Alex Russell,Corporate,United States,Houston,Texas,77070,Central,TEC-AC-10003116,Technology,Accessories,Memorex Froggy Flash Drive 8 GB,85.2,6,0.2,20.235,False
5364,CA-2017-122017,12/29/2017 0:00,1/2/2018 0:00,Standard Class,CD-11920,Carlos Daly,Consumer,United States,Wichita,Kansas,67212,Central,OFF-AP-10001293,Office Supplies,Appliances,Belkin 8 Outlet Surge Protector,81.96,2,0.0,22.9488,False
9431,CA-2016-166219,8/28/2016 0:00,9/1/2016 0:00,Standard Class,BP-11185,Ben Peterman,Corporate,United States,Dallas,Texas,75081,Central,FUR-TA-10004607,Furniture,Tables,Hon 2111 Invitation Series Straight Table,103.481,1,0.3,-16.2613,False
4975,CA-2017-164896,11/7/2017 0:00,11/12/2017 0:00,Standard Class,PS-19045,Penelope Sewall,Home Office,United States,Oceanside,California,92054,West,OFF-PA-10002246,Office Supplies,Paper,"Wirebound Four 2-3/4 x 5 Forms per Page, 400 Sets per Book",12.9,2,0.0,6.321,False
2343,US-2015-143231,12/31/2015 0:00,1/3/2016 0:00,First Class,GM-14455,Gary Mitchum,Home Office,United States,Franklin,Massachusetts,2038,East,TEC-AC-10000358,Technology,Accessories,Imation Secure Drive + Hardware Encrypted USB flash drive - 16 GB,113.97,3,0.0,27.3528,False
7125,CA-2016-128013,8/9/2016 0:00,8/16/2016 0:00,Standard Class,MF-18250,Monica Federle,Corporate,United States,New York City,New York,10035,East,OFF-PA-10001815,Office Supplies,Paper,Xerox 1885,144.12,3,0.0,69.1776,False
7191,CA-2017-164399,11/12/2017 0:00,11/15/2017 0:00,First Class,DW-13480,Dianna Wilson,Home Office,United States,San Diego,California,92024,West,FUR-TA-10003392,Furniture,Tables,Global Adaptabilities Conference Tables,674.352,3,0.2,-8.4294,False
6500,CA-2016-103135,7/24/2016 0:00,7/28/2016 0:00,Standard Class,SS-20515,Shirley Schmidt,Home Office,United States,Louisville,Kentucky,40214,South,TEC-AC-10003289,Technology,Accessories,Anker Ultra-Slim Mini Bluetooth 3.0 Wireless Keyboard,279.86,14,0.0,64.3678,False
9690,US-2018-135986,6/20/2018 0:00,6/27/2018 0:00,Standard Class,PG-18895,Paul Gonzalez,Consumer,United States,Richmond,Virginia,23223,South,TEC-PH-10003691,Technology,Phones,BlackBerry Q10,503.96,4,0.0,125.99,False
9231,CA-2018-133718,7/23/2018 0:00,7/26/2018 0:00,First Class,TB-21520,Tracy Blumstein,Consumer,United States,Los Angeles,California,90045,West,OFF-PA-10002689,Office Supplies,Paper,Weyerhaeuser First Choice Laser/Copy Paper (20Lb. and 88 Bright),58.32,9,0.0,27.9936,False
136,CA-2017-145583,10/13/2017 0:00,10/19/2017 0:00,Standard Class,LC-16885,Lena Creighton,Consumer,United States,Roseville,California,95661,West,OFF-AR-10001149,Office Supplies,Art,"Sanford Colorific Colored Pencils, 12/Box",11.52,4,0.0,3.456,False
6863,CA-2018-128965,4/17/2018 0:00,4/22/2018 0:00,Standard Class,PS-18760,Pamela Stobb,Consumer,United States,Los Angeles,California,90008,West,FUR-CH-10003774,Furniture,Chairs,"Global Wood Trimmed Manager's Task Chair, Khaki",218.352,3,0.2,-19.1058,False
7292,CA-2017-153661,1/30/2017 0:00,1/31/2017 0:00,First Class,SC-20725,Steven Cartwright,Consumer,United States,San Francisco,California,94122,West,OFF-LA-10004689,Office Supplies,Labels,Avery 512,26.01,9,0.0,12.2247,False
4209,CA-2015-145387,10/31/2015 0:00,11/2/2015 0:00,Second Class,AM-10705,Anne McFarland,Consumer,United States,Cranston,Rhode Island,2920,East,FUR-CH-10002320,Furniture,Chairs,Hon Pagoda Stacking Chairs,1604.9,5,0.0,481.47,False
7799,CA-2018-166184,3/24/2018 0:00,3/27/2018 0:00,First Class,HR-14830,Harold Ryan,Corporate,United States,New York City,New York,10035,East,TEC-PH-10002624,Technology,Phones,Samsung Galaxy S4 Mini,469.99,1,0.0,136.2971,False
2529,CA-2016-124541,4/6/2016 0:00,4/10/2016 0:00,Standard Class,TT-21220,Thomas Thornton,Consumer,United States,Houston,Texas,77041,Central,OFF-PA-10001526,Office Supplies,Paper,Xerox 1949,7.968,2,0.2,2.8884,False
6874,CA-2015-124394,10/17/2015 0:00,10/22/2015 0:00,Second Class,TB-21520,Tracy Blumstein,Consumer,United States,Beaumont,Texas,77705,Central,OFF-BI-10003676,Office Supplies,Binders,"GBC Standard Recycled Report Covers, Clear Plastic Sheets",10.78,5,0.8,-17.248,False
8994,CA-2018-159100,10/16/2018 0:00,10/21/2018 0:00,Standard Class,VP-21760,Victoria Pisteka,Corporate,United States,Columbia,Tennessee,38401,South,FUR-TA-10001950,Furniture,Tables,Balt Solid Wood Round Tables,1875.258,7,0.4,-968.8833,False
9241,CA-2018-110310,10/27/2018 0:00,11/2/2018 0:00,Standard Class,NB-18655,Nona Balk,Corporate,United States,Tallahassee,Florida,32303,South,OFF-BI-10001097,Office Supplies,Binders,Avery Hole Reinforcements,5.607,3,0.7,-3.9249,False
9555,CA-2016-111612,11/28/2016 0:00,12/2/2016 0:00,Standard Class,EB-14110,Eugene Barchas,Consumer,United States,Columbus,Ohio,43229,East,FUR-FU-10003799,Furniture,Furnishings,"Seth Thomas 13 1/2"" Wall Clock",71.12,5,0.2,9.779,False
9125,CA-2017-128916,8/18/2017 0:00,8/20/2017 0:00,Second Class,MA-17560,Matt Abelman,Home Office,United States,Houston,Texas,77070,Central,FUR-FU-10001940,Furniture,Furnishings,Staple-based wall hangings,9.552,3,0.6,-3.8208,False
2058,CA-2018-120376,12/22/2018 0:00,12/25/2018 0:00,First Class,TP-21130,Theone Pippenger,Consumer,United States,Detroit,Michigan,48227,Central,TEC-AC-10000844,Technology,Accessories,Logitech Gaming G510s - Keyboard,84.99,1,0.0,30.5964,False
6600,CA-2015-154095,12/2/2015 0:00,12/7/2015 0:00,Standard Class,ON-18715,Odella Nelson,Corporate,United States,Clinton,Maryland,20735,East,FUR-FU-10003849,Furniture,Furnishings,"DAX Metal Frame, Desktop, Stepped-Edge",60.72,3,0.0,23.6808,False
4489,CA-2016-162621,9/5/2016 0:00,9/11/2016 0:00,Standard Class,CA-12055,Cathy Armstrong,Home Office,United States,Houston,Texas,77036,Central,OFF-SU-10003567,Office Supplies,Supplies,Stiletto Hand Letter Openers,69.12,9,0.2,-14.688,False
8186,CA-2016-136728,9/13/2016 0:00,9/17/2016 0:00,Second Class,AG-10900,Arthur Gainer,Consumer,United States,Chicago,Illinois,60623,Central,OFF-EN-10002621,Office Supplies,Envelopes,Staple envelope,7.824,1,0.2,2.934,False
4234,CA-2018-100223,7/5/2018 0:00,7/10/2018 0:00,Standard Class,LS-16945,Linda Southworth,Corporate,United States,Dallas,Texas,75220,Central,OFF-BI-10004492,Office Supplies,Binders,Tuf-Vin Binders,6.316,1,0.8,-10.4214,False
8296,CA-2017-166380,5/30/2017 0:00,6/3/2017 0:00,Standard Class,EB-13750,Edward Becker,Corporate,United States,Arlington,Virginia,22204,South,OFF-EN-10002600,Office Supplies,Envelopes,"Redi-Strip #10 Envelopes, 4 1/8 x 9 1/2",26.55,9,0.0,12.744,False
5733,CA-2018-143574,6/29/2018 0:00,7/2/2018 0:00,First Class,DR-12880,Dan Reichenbach,Corporate,United States,Milford,Connecticut,6460,East,FUR-BO-10002598,Furniture,Bookcases,"Hon Metal Bookcases, Putty",638.82,9,0.0,185.2578,False
9289,US-2018-165456,11/30/2018 0:00,12/3/2018 0:00,First Class,TB-21625,Trudy Brown,Consumer,United States,Philadelphia,Pennsylvania,19134,East,FUR-CH-10003981,Furniture,Chairs,Global Commerce Series Low-Back Swivel/Tilt Chairs,1079.316,6,0.3,-15.4188,False
5915,US-2016-126977,9/17/2016 0:00,9/23/2016 0:00,Standard Class,PF-19120,Peter Fuller,Consumer,United States,New York City,New York,10035,East,OFF-LA-10002762,Office Supplies,Labels,Avery 485,87.71,7,0.0,41.2237,False
1351,CA-2015-153976,10/3/2015 0:00,10/8/2015 0:00,Second Class,BP-11290,Beth Paige,Consumer,United States,Evanston,Illinois,60201,Central,FUR-CH-10002880,Furniture,Chairs,"Global High-Back Leather Tilter, Burgundy",258.279,3,0.3,-70.1043,False
692,US-2015-117135,6/21/2015 0:00,6/23/2015 0:00,Second Class,NP-18325,Naresj Patel,Consumer,United States,Waynesboro,Virginia,22980,South,OFF-ST-10002444,Office Supplies,Storage,Recycled Eldon Regeneration Jumbo File,36.84,3,0.0,10.3152,False
9161,CA-2017-118934,8/9/2017 0:00,8/14/2017 0:00,Standard Class,GH-14410,Gary Hansen,Home Office,United States,Hendersonville,Tennessee,37075,South,OFF-BI-10004465,Office Supplies,Binders,Avery Durable Slant Ring Binders,11.88,5,0.7,-7.92,False
6093,CA-2018-100111,9/20/2018 0:00,9/26/2018 0:00,Standard Class,SV-20365,Seth Vernon,Consumer,United States,New York City,New York,10035,East,OFF-PA-10000807,Office Supplies,Paper,"TOPS ""Important Message"" Pads, Canary, 4-1/4 x 5-1/2, 50 Sheets per Pad",38.52,9,0.0,18.1044,False
7014,CA-2018-141201,12/9/2018 0:00,12/11/2018 0:00,Second Class,DB-12910,Daniel Byrd,Home Office,United States,Salinas,California,93905,West,FUR-BO-10001519,Furniture,Bookcases,O'Sullivan 3-Shelf Heavy-Duty Bookcases,148.257,3,0.15,15.6978,False
2779,CA-2018-108322,4/30/2018 0:00,5/5/2018 0:00,Standard Class,SS-20140,Saphhira Shifley,Corporate,United States,Pompano Beach,Florida,33068,South,FUR-FU-10001935,Furniture,Furnishings,3M Hangers With Command Adhesive,23.68,8,0.2,6.216,False
5647,CA-2016-104241,1/4/2016 0:00,1/9/2016 0:00,Standard Class,AG-10495,Andrew Gjertsen,Corporate,United States,Alexandria,Virginia,22304,South,FUR-FU-10001473,Furniture,Furnishings,DAX Wood Document Frame,192.22,14,0.0,69.1992,False
5260,CA-2018-158722,10/20/2018 0:00,10/26/2018 0:00,Standard Class,MA-17560,Matt Abelman,Home Office,United States,Philadelphia,Pennsylvania,19120,East,OFF-PA-10000176,Office Supplies,Paper,Xerox 1887,45.528,3,0.2,15.9348,False
6249,CA-2018-121580,5/29/2018 0:00,6/4/2018 0:00,Standard Class,ML-17410,Maris LaWare,Consumer,United States,Columbus,Indiana,47201,Central,FUR-FU-10003981,Furniture,Furnishings,Eldon Wave Desk Accessories,6.24,3,0.0,2.6208,False
4185,CA-2017-143749,12/5/2017 0:00,12/7/2017 0:00,First Class,AG-10300,Aleksandra Gannaway,Corporate,United States,Franklin,Massachusetts,2038,East,FUR-BO-10002853,Furniture,Bookcases,O'Sullivan 5-Shelf Heavy-Duty Bookcases,81.94,1,0.0,20.485,False
5159,CA-2018-163006,6/30/2018 0:00,7/4/2018 0:00,Second Class,GH-14410,Gary Hansen,Home Office,United States,Chicago,Illinois,60653,Central,FUR-FU-10003799,Furniture,Furnishings,"Seth Thomas 13 1/2"" Wall Clock",14.224,2,0.6,-10.3124,False
9168,CA-2017-100300,6/24/2017 0:00,6/26/2017 0:00,Second Class,MJ-17740,Max Jones,Consumer,United States,San Diego,California,92037,West,OFF-AP-10001242,Office Supplies,Appliances,APC 7 Outlet Network SurgeArrest Surge Protector,241.44,3,0.0,72.432,False
8667,CA-2017-163951,12/30/2017 0:00,1/2/2018 0:00,First Class,CJ-11875,Carl Jackson,Corporate,United States,Philadelphia,Pennsylvania,19140,East,OFF-AR-10004269,Office Supplies,Art,Newell 31,16.52,5,0.2,1.652,False
9483,CA-2016-158351,6/20/2016 0:00,6/24/2016 0:00,Second Class,BC-11125,Becky Castell,Home Office,United States,Philadelphia,Pennsylvania,19134,East,TEC-AC-10001838,Technology,Accessories,Razer Tiamat Over Ear 7.1 Surround Sound PC Gaming Headset,319.984,2,0.2,91.9954,False
5404,CA-2018-123043,8/24/2018 0:00,8/29/2018 0:00,Standard Class,AH-10195,Alan Haines,Corporate,United States,New York City,New York,10024,East,OFF-BI-10000138,Office Supplies,Binders,Acco Translucent Poly Ring Binders,3.744,1,0.2,1.3104,False
548,CA-2018-162929,11/19/2018 0:00,11/22/2018 0:00,First Class,AS-10135,Adrian Shami,Home Office,United States,New York City,New York,10035,East,OFF-PA-10002986,Office Supplies,Paper,Xerox 1898,13.36,2,0.0,6.4128,False
1238,CA-2017-144344,10/28/2017 0:00,10/28/2017 0:00,Same Day,PG-18820,Patrick Gardner,Consumer,United States,Boynton Beach,Florida,33437,South,FUR-FU-10003553,Furniture,Furnishings,"Howard Miller 13-1/2"" Diameter Rosebrook Wall Clock",165.048,3,0.2,41.262,False
7831,CA-2016-137302,4/26/2016 0:00,5/1/2016 0:00,Standard Class,BW-11110,Bart Watters,Corporate,United States,San Diego,California,92105,West,TEC-PH-10003174,Technology,Phones,RCA ViSYS 25825 Wireless digital phone,311.976,3,0.2,38.997,False
5561,US-2016-114741,12/6/2016 0:00,12/10/2016 0:00,Standard Class,IL-15100,Ivan Liston,Consumer,United States,North Las Vegas,Nevada,89031,West,OFF-LA-10004853,Office Supplies,Labels,Avery 483,14.94,3,0.0,6.8724,False
9917,CA-2018-160927,1/29/2018 0:00,1/31/2018 0:00,Second Class,TM-21010,Tamara Manning,Consumer,United States,Marion,Iowa,52302,Central,OFF-ST-10001590,Office Supplies,Storage,"Tenex Personal Project File with Scoop Front Design, Black",13.48,1,0.0,3.5048,False
215,CA-2016-146262,1/2/2016 0:00,1/9/2016 0:00,Standard Class,VW-21775,Victoria Wilson,Corporate,United States,Medina,Ohio,44256,East,TEC-PH-10002844,Technology,Phones,Speck Products Candyshell Flip Case,62.982,3,0.4,-14.6958,False
7636,US-2018-158526,12/29/2018 0:00,1/1/2019 0:00,Second Class,KH-16360,Katherine Hughes,Consumer,United States,Louisville,Kentucky,40214,South,FUR-CH-10004495,Furniture,Chairs,"Global Leather and Oak Executive Chair, Black",300.98,1,0.0,87.2842,False
8414,CA-2017-147109,12/17/2017 0:00,12/21/2017 0:00,Standard Class,AH-10075,Adam Hart,Corporate,United States,Arlington,Texas,76017,Central,OFF-PA-10001972,Office Supplies,Paper,Xerox 214,51.84,10,0.2,18.144,False
5992,US-2018-163300,9/15/2018 0:00,9/21/2018 0:00,Standard Class,ES-14020,Erica Smith,Consumer,United States,Los Angeles,California,90049,West,TEC-PH-10001700,Technology,Phones,Panasonic KX-TG6844B Expandable Digital Cordless Telephone,369.544,7,0.2,32.3351,False
4690,CA-2015-138681,12/20/2015 0:00,12/22/2015 0:00,First Class,CT-11995,Carol Triggs,Consumer,United States,Tucson,Arizona,85705,West,FUR-FU-10001876,Furniture,Furnishings,"Computer Room Manger, 14""",51.968,2,0.2,10.3936,False
4695,US-2016-138121,12/17/2016 0:00,12/17/2016 0:00,Same Day,JL-15835,John Lee,Consumer,United States,Detroit,Michigan,48205,Central,OFF-BI-10000320,Office Supplies,Binders,GBC Plastic Binding Combs,29.52,4,0.0,14.4648,False
6619,US-2018-167402,1/13/2018 0:00,1/18/2018 0:00,Second Class,CP-12085,Cathy Prescott,Corporate,United States,Springfield,Missouri,65807,Central,OFF-PA-10004983,Office Supplies,Paper,Xerox 23,32.4,5,0.0,15.552,False
3309,CA-2015-104738,12/30/2015 0:00,1/1/2016 0:00,Second Class,SP-20620,Stefania Perrino,Corporate,United States,Laredo,Texas,78041,Central,TEC-AC-10003628,Technology,Accessories,Logitech 910-002974 M325 Wireless Mouse for Web Scrolling,47.984,2,0.2,14.3952,False
4306,CA-2015-162278,10/26/2015 0:00,10/30/2015 0:00,Second Class,AH-10585,Angele Hood,Consumer,United States,Seattle,Washington,98105,West,TEC-PH-10000526,Technology,Phones,Vtech CS6719,383.96,5,0.2,38.396,False
4274,US-2018-158505,7/21/2018 0:00,7/21/2018 0:00,Same Day,SF-20200,Sarah Foster,Consumer,United States,Murray,Utah,84107,West,OFF-AR-10001044,Office Supplies,Art,"BOSTON Ranger #55 Pencil Sharpener, Black",25.99,1,0.0,7.5371,False
7986,CA-2017-151498,4/21/2017 0:00,4/24/2017 0:00,First Class,DN-13690,Duane Noonan,Consumer,United States,Seattle,Washington,98115,West,OFF-BI-10004967,Office Supplies,Binders,Round Ring Binders,8.32,5,0.2,2.808,False
4627,CA-2017-101336,11/13/2017 0:00,11/18/2017 0:00,Standard Class,CK-12760,Cyma Kinney,Corporate,United States,New York City,New York,10011,East,OFF-ST-10003455,Office Supplies,Storage,"Tenex File Box, Personal Filing Tote with Lid, Black",77.55,5,0.0,20.163,False
3845,CA-2015-101931,10/28/2015 0:00,10/31/2015 0:00,First Class,TS-21370,Todd Sumrall,Corporate,United States,Los Angeles,California,90049,West,OFF-SU-10000646,Office Supplies,Supplies,Premier Automatic Letter Opener,480.74,2,0.0,14.4222,False
2223,CA-2016-131884,12/6/2016 0:00,12/6/2016 0:00,Same Day,DK-13375,Dennis Kane,Consumer,United States,Marion,Ohio,43302,East,OFF-AR-10004078,Office Supplies,Art,Newell 312,37.376,8,0.2,4.672,False
3432,CA-2018-148264,12/8/2018 0:00,12/9/2018 0:00,First Class,LF-17185,Luke Foster,Consumer,United States,Inglewood,California,90301,West,FUR-FU-10002703,Furniture,Furnishings,"Tenex Traditional Chairmats for Hard Floors, Average Lip, 36"" x 48""",128.9,2,0.0,15.468,False
1164,CA-2015-127964,3/3/2015 0:00,3/8/2015 0:00,Standard Class,AP-10720,Anne Pryor,Home Office,United States,New York City,New York,10035,East,OFF-BI-10004593,Office Supplies,Binders,Ibico Laser Imprintable Binding System Covers,125.76,3,0.2,40.872,False
8708,CA-2015-146815,9/8/2015 0:00,9/13/2015 0:00,Standard Class,PP-18955,Paul Prost,Home Office,United States,New York City,New York,10009,East,OFF-AR-10003469,Office Supplies,Art,Nontoxic Chalk,3.52,2,0.0,1.6896,False
3316,CA-2018-169978,12/24/2018 0:00,12/28/2018 0:00,Standard Class,HG-15025,Hunter Glantz,Consumer,United States,Oceanside,New York,11572,East,OFF-BI-10001900,Office Supplies,Binders,"DXL Angle-View Binders with Locking Rings, Black",14.376,3,0.2,4.8519,False
7405,CA-2016-100146,5/14/2016 0:00,5/19/2016 0:00,Standard Class,CB-12535,Claudia Bergmann,Corporate,United States,Camarillo,California,93010,West,FUR-FU-10001979,Furniture,Furnishings,Dana Halogen Swing-Arm Architect Lamp,122.91,3,0.0,34.4148,False
7113,CA-2017-109666,4/19/2017 0:00,4/26/2017 0:00,Standard Class,KM-16720,Kunst Miller,Consumer,United States,New York City,New York,10035,East,OFF-SU-10001218,Office Supplies,Supplies,Fiskars Softgrip Scissors,54.9,5,0.0,15.372,False
1740,CA-2016-130204,9/3/2016 0:00,9/9/2016 0:00,Standard Class,DB-13120,David Bremer,Corporate,United States,San Francisco,California,94122,West,TEC-AC-10003590,Technology,Accessories,"TRENDnet 56K USB 2.0 Phone, Internet and Fax Modem",129.45,5,0.0,46.602,False
491,CA-2015-133753,6/9/2015 0:00,6/13/2015 0:00,Second Class,CW-11905,Carl Weiss,Home Office,United States,Huntsville,Texas,77340,Central,OFF-AR-10001953,Office Supplies,Art,Boston 1645 Deluxe Heavier-Duty Electric Pencil Sharpener,70.368,2,0.2,6.1572,False
8099,CA-2018-122798,12/28/2018 0:00,1/1/2019 0:00,Standard Class,SV-20935,Susan Vittorini,Consumer,United States,Albuquerque,New Mexico,87105,West,OFF-PA-10004239,Office Supplies,Paper,Xerox 1953,4.28,1,0.0,1.926,False
6722,CA-2018-102974,9/19/2018 0:00,9/24/2018 0:00,Standard Class,DP-13105,Dave Poirier,Corporate,United States,Los Angeles,California,90032,West,OFF-AR-10000914,Office Supplies,Art,Boston 16765 Mini Stand Up Battery Pencil Sharpener,23.32,2,0.0,6.0632,False
874,CA-2015-148488,12/10/2015 0:00,12/15/2015 0:00,Standard Class,SM-20005,Sally Matthias,Consumer,United States,New York City,New York,10009,East,OFF-BI-10000315,Office Supplies,Binders,Poly Designer Cover & Back,106.344,7,0.2,37.2204,False
7134,CA-2018-141439,11/26/2018 0:00,12/1/2018 0:00,Standard Class,TT-21460,Tonja Turnell,Home Office,United States,Richmond,Indiana,47374,Central,FUR-FU-10001473,Furniture,Furnishings,DAX Wood Document Frame,27.46,2,0.0,9.8856,False
7657,US-2015-120740,4/15/2015 0:00,4/15/2015 0:00,Same Day,PS-18970,Paul Stevenson,Home Office,United States,Los Angeles,California,90049,West,OFF-AP-10000240,Office Supplies,Appliances,Belkin F9G930V10-GRY 9 Outlet Surge,106.96,2,0.0,31.0184,False
3476,CA-2017-144911,11/27/2017 0:00,11/30/2017 0:00,First Class,RW-19630,Rob Williams,Corporate,United States,Overland Park,Kansas,66212,Central,TEC-AC-10004633,Technology,Accessories,"Verbatim 25 GB 6x Blu-ray Single Layer Recordable Disc, 3/Pack",34.95,5,0.0,15.378,False
2917,CA-2016-134747,10/12/2016 0:00,10/17/2016 0:00,Second Class,DL-12925,Daniel Lacy,Consumer,United States,Noblesville,Indiana,46060,Central,TEC-PH-10001750,Technology,Phones,Samsung Rugby III,263.96,4,0.0,71.2692,False
6313,CA-2018-120019,2/16/2018 0:00,2/21/2018 0:00,Standard Class,NG-18355,Nat Gilpin,Corporate,United States,Fairfield,Connecticut,6824,East,OFF-ST-10001932,Office Supplies,Storage,Fellowes Staxonsteel Drawer Files,579.51,3,0.0,81.1314,False
5515,CA-2016-103177,5/30/2016 0:00,6/1/2016 0:00,First Class,EN-13780,Edward Nazzal,Consumer,United States,New York City,New York,10009,East,OFF-AP-10004540,Office Supplies,Appliances,"Eureka The Boss Lite 10-Amp Upright Vacuum, Blue",160.32,2,0.0,44.8896,False
7157,CA-2018-126718,4/29/2018 0:00,5/4/2018 0:00,Standard Class,KT-16480,Kean Thornton,Consumer,United States,Orange,New Jersey,7050,East,OFF-LA-10004055,Office Supplies,Labels,Color-Coded Legal Exhibit Labels,4.91,1,0.0,2.4059,False
7073,CA-2017-112256,7/23/2017 0:00,7/28/2017 0:00,Standard Class,CK-12205,Chloris Kastensmidt,Consumer,United States,Mcallen,Texas,78501,Central,OFF-PA-10004355,Office Supplies,Paper,Xerox 231,5.184,1,0.2,1.8144,False
3546,CA-2018-121216,12/23/2018 0:00,12/25/2018 0:00,Second Class,MM-17920,Michael Moore,Consumer,United States,College Station,Texas,77840,Central,OFF-AP-10001947,Office Supplies,Appliances,Acco 6 Outlet Guardian Premium Plus Surge Suppressor,29.312,8,0.8,-74.7456,False
8249,CA-2017-133816,5/10/2017 0:00,5/13/2017 0:00,Second Class,CS-12400,Christopher Schild,Home Office,United States,Philadelphia,Pennsylvania,19134,East,TEC-PH-10001795,Technology,Phones,ClearOne CHATAttach 160 - speaker phone,743.988,2,0.4,-123.998,False
6048,CA-2016-105571,11/7/2016 0:00,11/11/2016 0:00,Standard Class,CP-12340,Christine Phan,Corporate,United States,Miami,Florida,33142,South,OFF-BI-10003305,Office Supplies,Binders,Avery Hanging File Binders,16.146,9,0.7,-12.9168,False
7568,CA-2018-140802,4/21/2018 0:00,4/23/2018 0:00,First Class,KN-16390,Katherine Nockton,Corporate,United States,Houston,Texas,77070,Central,OFF-PA-10001534,Office Supplies,Paper,Xerox 230,20.736,4,0.2,7.2576,False
181,CA-2015-166191,12/5/2015 0:00,12/9/2015 0:00,Second Class,DK-13150,David Kendrick,Corporate,United States,Decatur,Illinois,62521,Central,OFF-ST-10003455,Office Supplies,Storage,"Tenex File Box, Personal Filing Tote with Lid, Black",24.816,2,0.2,1.8612,False
817,CA-2017-149370,9/15/2017 0:00,9/19/2017 0:00,Standard Class,DB-13210,Dean Braden,Consumer,United States,Philadelphia,Pennsylvania,19140,East,OFF-PA-10003651,Office Supplies,Paper,Xerox 1968,5.344,1,0.2,1.8704,False
3264,CA-2015-140662,11/17/2015 0:00,11/19/2015 0:00,First Class,TS-21205,Thomas Seio,Corporate,United States,San Francisco,California,94109,West,OFF-AP-10001242,Office Supplies,Appliances,APC 7 Outlet Network SurgeArrest Surge Protector,241.44,3,0.0,72.432,False
5639,CA-2015-154893,12/21/2015 0:00,12/27/2015 0:00,Standard Class,GM-14440,Gary McGarr,Consumer,United States,San Diego,California,92024,West,FUR-CH-10004287,Furniture,Chairs,SAFCO Arco Folding Chair,1325.76,6,0.2,149.148,False
9280,CA-2018-122539,12/1/2018 0:00,12/5/2018 0:00,Standard Class,SC-20305,Sean Christensen,Consumer,United States,Philadelphia,Pennsylvania,19140,East,FUR-CH-10003379,Furniture,Chairs,Global Commerce Series High-Back Swivel/Tilt Chairs,398.972,2,0.3,-28.498,False
6327,CA-2015-167927,1/20/2015 0:00,1/26/2015 0:00,Standard Class,XP-21865,Xylona Preis,Consumer,United States,Westland,Michigan,48185,Central,OFF-ST-10000760,Office Supplies,Storage,Eldon Fold 'N Roll Cart System,13.98,1,0.0,4.0542,False
5506,CA-2018-127782,11/2/2018 0:00,11/6/2018 0:00,Standard Class,TH-21115,Thea Hudgings,Corporate,United States,Philadelphia,Pennsylvania,19140,East,TEC-PH-10001817,Technology,Phones,Wilson Electronics DB Pro Signal Booster,859.2,4,0.4,-186.16,False
2855,CA-2018-137344,8/20/2018 0:00,8/20/2018 0:00,Same Day,EM-13810,Eleni McCrary,Corporate,United States,Franklin,Massachusetts,2038,East,OFF-ST-10000344,Office Supplies,Storage,"Neat Ideas Personal Hanging Folder Files, Black",40.29,3,0.0,10.4754,False
7089,CA-2016-105844,10/25/2016 0:00,10/27/2016 0:00,Second Class,JF-15415,Jennifer Ferguson,Consumer,United States,Sparks,Nevada,89431,West,OFF-AR-10001955,Office Supplies,Art,Newell 319,79.36,4,0.0,23.808,False
3967,CA-2017-149902,4/1/2017 0:00,4/6/2017 0:00,Standard Class,DW-13540,Don Weiss,Consumer,United States,New York City,New York,10024,East,OFF-AR-10002956,Office Supplies,Art,Boston 16801 Nautilus Battery Pencil Sharpener,88.04,4,0.0,22.8904,False
5746,US-2018-147886,3/28/2018 0:00,3/31/2018 0:00,First Class,DH-13075,Dave Hallsten,Corporate,United States,Fairfield,California,94533,West,FUR-FU-10003829,Furniture,Furnishings,Stackable Trays,21.56,7,0.0,6.8992,False
627,CA-2018-163020,9/15/2018 0:00,9/19/2018 0:00,Standard Class,MO-17800,Meg O'Connel,Home Office,United States,New York City,New York,10009,East,FUR-FU-10000221,Furniture,Furnishings,"Master Caster Door Stop, Brown",35.56,7,0.0,12.0904,False
9936,CA-2017-114405,4/7/2017 0:00,4/12/2017 0:00,Standard Class,AS-10240,Alan Shonely,Consumer,United States,Philadelphia,Pennsylvania,19120,East,OFF-ST-10001627,Office Supplies,Storage,Eldon Jumbo ProFile Portable File Boxes Graphite/Black,36.744,3,0.2,3.6744,False
1206,CA-2018-133235,8/1/2018 0:00,8/4/2018 0:00,First Class,LH-16750,Larry Hughes,Consumer,United States,Charlotte,North Carolina,28205,South,TEC-PH-10002660,Technology,Phones,Nortel Networks T7316 E Nt8 B27,271.96,5,0.2,16.9975,False
7277,CA-2015-120670,11/2/2015 0:00,11/6/2015 0:00,Standard Class,JK-16120,Julie Kriz,Home Office,United States,Fort Lauderdale,Florida,33311,South,TEC-AC-10004171,Technology,Accessories,Razer Kraken 7.1 Surround Sound Over Ear USB Gaming Headset,799.92,10,0.2,239.976,False
8453,CA-2017-125087,4/18/2017 0:00,4/23/2017 0:00,Standard Class,TH-21115,Thea Hudgings,Corporate,United States,Houston,Texas,77070,Central,FUR-CH-10002880,Furniture,Chairs,"Global High-Back Leather Tilter, Burgundy",344.372,4,0.3,-93.4724,False
4619,CA-2016-117800,9/21/2016 0:00,9/26/2016 0:00,Standard Class,TH-21550,Tracy Hopkins,Home Office,United States,Everett,Massachusetts,2149,East,FUR-CH-10000785,Furniture,Chairs,Global Ergonomic Managers Chair,542.94,3,0.0,141.1644,False
7921,CA-2018-139822,9/15/2018 0:00,9/21/2018 0:00,Standard Class,Dp-13240,Dean percer,Home Office,United States,Waterbury,Connecticut,6708,East,TEC-AC-10001090,Technology,Accessories,Micro Innovations Wireless Classic Keyboard with Mouse,59.98,2,0.0,10.7964,False
3256,CA-2017-155474,7/8/2017 0:00,7/14/2017 0:00,Standard Class,CC-12220,Chris Cortes,Consumer,United States,Seattle,Washington,98105,West,OFF-BI-10004209,Office Supplies,Binders,"Fellowes Twister Kit, Gray/Clear, 3/pkg",19.296,3,0.2,6.03,False
9820,CA-2016-162201,6/8/2016 0:00,6/12/2016 0:00,Standard Class,AG-10495,Andrew Gjertsen,Corporate,United States,Saint Petersburg,Florida,33710,South,OFF-LA-10001982,Office Supplies,Labels,Smead Alpha-Z Color-Coded Name Labels First Letter Starter Set,9.0,3,0.2,3.15,False
8510,CA-2016-135853,12/11/2016 0:00,12/14/2016 0:00,First Class,CA-12775,Cynthia Arntzen,Consumer,United States,Detroit,Michigan,48205,Central,TEC-PH-10003691,Technology,Phones,BlackBerry Q10,125.99,1,0.0,31.4975,False
4846,CA-2016-124044,7/23/2016 0:00,7/26/2016 0:00,Second Class,MS-17830,Melanie Seite,Consumer,United States,Rochester,New York,14609,East,OFF-BI-10003460,Office Supplies,Binders,Acco 3-Hole Punch,10.512,3,0.2,3.6792,False
77,US-2018-118038,12/9/2018 0:00,12/11/2018 0:00,First Class,KB-16600,Ken Brennan,Corporate,United States,Houston,Texas,77041,Central,FUR-FU-10000260,Furniture,Furnishings,"6"" Cubicle Wall Clock, Black",9.708,3,0.6,-5.8248,False
4620,CA-2018-145219,12/24/2018 0:00,12/25/2018 0:00,First Class,RM-19675,Robert Marley,Home Office,United States,Los Angeles,California,90049,West,TEC-CO-10001449,Technology,Copiers,Hewlett Packard LaserJet 3310 Copier,2879.952,6,0.2,1007.9832,False
3889,CA-2015-100895,6/2/2015 0:00,6/6/2015 0:00,Standard Class,SV-20785,Stewart Visinsky,Consumer,United States,Roswell,Georgia,30076,South,TEC-PH-10001425,Technology,Phones,Mophie Juice Pack Helium for iPhone,239.97,3,0.0,67.1916,False
9486,CA-2017-164770,12/2/2017 0:00,12/4/2017 0:00,Second Class,MY-18295,Muhammed Yedwab,Corporate,United States,Houston,Texas,77036,Central,OFF-PA-10003893,Office Supplies,Paper,Xerox 1962,30.816,9,0.2,9.63,False
4119,CA-2016-153416,11/24/2016 0:00,11/29/2016 0:00,Standard Class,TS-21340,Toby Swindell,Consumer,United States,Los Angeles,California,90036,West,OFF-ST-10000060,Office Supplies,Storage,Fellowes Bankers Box Staxonsteel Drawer File/Stacking System,454.86,7,0.0,54.5832,False
5947,CA-2015-104178,8/25/2015 0:00,8/29/2015 0:00,Standard Class,JM-15265,Janet Molinari,Corporate,United States,Los Angeles,California,90036,West,OFF-ST-10004258,Office Supplies,Storage,Portable Personal File Box,48.84,4,0.0,13.1868,False
5807,CA-2017-149783,9/4/2017 0:00,9/7/2017 0:00,Second Class,DL-13315,Delfina Latchford,Consumer,United States,Knoxville,Tennessee,37918,South,OFF-PA-10002195,Office Supplies,Paper,"RSVP Cards & Envelopes, Blank White, 8-1/2"" X 11"", 24 Cards/25 Envelopes/Set",12.192,3,0.2,4.1148,False
8484,CA-2017-126284,9/20/2017 0:00,9/24/2017 0:00,Standard Class,EN-13780,Edward Nazzal,Consumer,United States,Grand Rapids,Michigan,49505,Central,OFF-BI-10004828,Office Supplies,Binders,GBC Poly Designer Binding Covers,83.7,5,0.0,41.013,False
6802,CA-2017-109827,12/25/2017 0:00,1/1/2018 0:00,Standard Class,LW-16825,Laurel Workman,Corporate,United States,Phoenix,Arizona,85023,West,TEC-AC-10002217,Technology,Accessories,Imation Clip USB flash drive - 8 GB,45.12,3,0.2,-7.896,False
9425,CA-2015-145254,7/23/2015 0:00,7/27/2015 0:00,Standard Class,NC-18535,Nick Crebassa,Corporate,United States,San Francisco,California,94122,West,TEC-AC-10002167,Technology,Accessories,Imation 8gb Micro Traveldrive Usb 2.0 Flash Drive,45.0,3,0.0,4.95,False
1971,CA-2018-140242,5/6/2018 0:00,5/11/2018 0:00,Standard Class,ML-17755,Max Ludwig,Home Office,United States,Chicago,Illinois,60623,Central,OFF-AR-10004752,Office Supplies,Art,Blackstonian Pencils,6.408,3,0.2,0.6408,False
3300,US-2015-159926,11/18/2015 0:00,11/22/2015 0:00,Standard Class,CS-11950,Carlos Soltero,Consumer,United States,Philadelphia,Pennsylvania,19140,East,OFF-BI-10003656,Office Supplies,Binders,Fellowes PB200 Plastic Comb Binding Machine,50.997,1,0.7,-40.7976,False
75,US-2016-134026,4/26/2016 0:00,5/2/2016 0:00,Standard Class,JE-15745,Joel Eaton,Consumer,United States,Memphis,Tennessee,38109,South,OFF-ST-10004123,Office Supplies,Storage,Safco Industrial Wire Shelving System,72.784,1,0.2,-18.196,False
9308,CA-2015-128237,3/25/2015 0:00,3/30/2015 0:00,Standard Class,CA-12265,Christina Anderson,Consumer,United States,San Francisco,California,94110,West,OFF-AR-10003338,Office Supplies,Art,"Eberhard Faber 3 1/2"" Golf Pencils",14.88,2,0.0,3.72,False
1250,CA-2018-115602,12/18/2018 0:00,12/24/2018 0:00,Standard Class,DJ-13630,Doug Jacobs,Consumer,United States,New York City,New York,10009,East,FUR-CH-10001708,Furniture,Chairs,Office Star - Contemporary Swivel Chair with Padded Adjustable Arms and Flex Back,1141.938,9,0.1,139.5702,False
5006,CA-2016-158659,11/10/2016 0:00,11/14/2016 0:00,Second Class,SC-20695,Steve Chapman,Corporate,United States,Richmond,Indiana,47374,Central,OFF-ST-10003306,Office Supplies,Storage,Letter Size Cart,714.3,5,0.0,207.147,False
1764,CA-2017-110254,8/4/2017 0:00,8/8/2017 0:00,Standard Class,ML-17755,Max Ludwig,Home Office,United States,Suffolk,Virginia,23434,South,OFF-SU-10002573,Office Supplies,Supplies,"Acme 10"" Easy Grip Assistive Scissors",35.06,2,0.0,10.518,False
2184,CA-2017-128818,5/7/2017 0:00,5/11/2017 0:00,Standard Class,CJ-12010,Caroline Jumper,Consumer,United States,New York City,New York,10009,East,TEC-AC-10001767,Technology,Accessories,SanDisk Ultra 64 GB MicroSDHC Class 10 Memory Card,199.95,5,0.0,21.9945,False
1370,US-2016-103471,12/24/2016 0:00,12/28/2016 0:00,Standard Class,JR-15670,Jim Radford,Consumer,United States,Colorado Springs,Colorado,80906,West,FUR-BO-10002613,Furniture,Bookcases,"Atlantic Metals Mobile 4-Shelf Bookcases, Custom Colors",590.058,7,0.7,-786.744,False
1558,CA-2017-109176,5/9/2017 0:00,5/15/2017 0:00,Standard Class,JW-16075,Julia West,Consumer,United States,Philadelphia,Pennsylvania,19140,East,OFF-AR-10001955,Office Supplies,Art,Newell 319,79.36,5,0.2,9.92,False
5398,CA-2017-145492,11/20/2017 0:00,11/27/2017 0:00,Standard Class,MC-17605,Matt Connell,Corporate,United States,Los Angeles,California,90004,West,OFF-AP-10003622,Office Supplies,Appliances,"Bravo II Megaboss 12-Amp Hard Body Upright, Replacement Belts, 2 Belts per Pack",39.0,12,0.0,11.31,False
7651,CA-2016-101889,12/27/2016 0:00,12/31/2016 0:00,Standard Class,DB-13120,David Bremer,Corporate,United States,Marion,Ohio,43302,East,OFF-EN-10003286,Office Supplies,Envelopes,Staple envelope,19.872,3,0.2,6.7068,False
4578,US-2015-121734,4/11/2015 0:00,4/16/2015 0:00,Standard Class,SE-20110,Sanjit Engle,Consumer,United States,Lewiston,Idaho,83501,West,OFF-BI-10004817,Office Supplies,Binders,GBC Personal VeloBind Strips,9.584,1,0.2,3.3544,False
2692,US-2017-144211,8/28/2017 0:00,9/2/2017 0:00,Standard Class,CS-12130,Chad Sievert,Consumer,United States,Englewood,Colorado,80112,West,OFF-PA-10002246,Office Supplies,Paper,"Wirebound Four 2-3/4 x 5 Forms per Page, 400 Sets per Book",15.48,3,0.2,5.6115,False
7502,CA-2018-121048,7/14/2018 0:00,7/18/2018 0:00,Standard Class,TC-21295,Toby Carlisle,Consumer,United States,Westminster,California,92683,West,TEC-PH-10004977,Technology,Phones,GE 30524EE4,470.376,3,0.2,52.9173,False
6117,US-2017-113677,11/13/2017 0:00,11/19/2017 0:00,Standard Class,CM-12655,Corinna Mitchell,Home Office,United States,New York City,New York,10011,East,TEC-PH-10002114,Technology,Phones,Xiaomi Mi3,2279.96,4,0.0,592.7896,False
8456,CA-2017-154081,5/22/2017 0:00,5/29/2017 0:00,Standard Class,JE-15610,Jim Epp,Corporate,United States,Los Angeles,California,90049,West,TEC-PH-10001918,Technology,Phones,Nortel Business Series Terminal T7208 Digital phone,222.384,2,0.2,22.2384,False
3160,US-2017-162677,3/26/2017 0:00,3/27/2017 0:00,First Class,DB-13210,Dean Braden,Consumer,United States,Jacksonville,North Carolina,28540,South,TEC-AC-10001314,Technology,Accessories,Case Logic 2.4GHz Wireless Keyboard,119.976,3,0.2,-17.9964,False
4518,US-2017-128678,9/15/2017 0:00,9/20/2017 0:00,Standard Class,RB-19570,Rob Beeghly,Consumer,United States,Seattle,Washington,98105,West,OFF-BI-10002103,Office Supplies,Binders,"Cardinal Slant-D Ring Binder, Heavy Gauge Vinyl",48.664,7,0.2,15.8158,False
3669,CA-2015-129364,12/8/2015 0:00,12/13/2015 0:00,Standard Class,TB-21250,Tim Brockman,Consumer,United States,Salem,Oregon,97301,West,TEC-AC-10004227,Technology,Accessories,SanDisk Ultra 16 GB MicroSDHC Class 10 Memory Card,103.92,10,0.2,-18.186,False
782,US-2016-157014,10/3/2016 0:00,10/6/2016 0:00,Second Class,BM-11785,Bryan Mills,Consumer,United States,Columbus,Ohio,43229,East,OFF-BI-10001098,Office Supplies,Binders,Acco D-Ring Binder w/DublLock,32.07,5,0.7,-22.449,False
8411,CA-2017-130820,11/15/2017 0:00,11/15/2017 0:00,Same Day,ON-18715,Odella Nelson,Corporate,United States,Burlington,North Carolina,27217,South,FUR-TA-10001768,Furniture,Tables,Hon Racetrack Conference Tables,630.024,4,0.4,-199.5076,False
7220,CA-2016-150770,5/3/2016 0:00,5/6/2016 0:00,First Class,LC-16870,Lena Cacioppo,Consumer,United States,San Francisco,California,94109,West,OFF-BI-10001575,Office Supplies,Binders,GBC Linen Binding Covers,49.568,2,0.2,17.3488,False
4680,CA-2015-114510,3/14/2015 0:00,3/19/2015 0:00,Standard Class,JF-15295,Jason Fortune-,Consumer,United States,Logan,Utah,84321,West,OFF-ST-10003221,Office Supplies,Storage,Staple magnet,21.36,2,0.0,5.7672,False
1072,CA-2017-152814,4/28/2017 0:00,5/2/2017 0:00,Standard Class,EH-14005,Erica Hernandez,Home Office,United States,Denver,Colorado,80219,West,OFF-PA-10001970,Office Supplies,Paper,Xerox 1881,29.472,3,0.2,9.9468,False
9730,CA-2015-111962,9/29/2015 0:00,10/4/2015 0:00,Standard Class,EB-14170,Evan Bailliet,Consumer,United States,Seattle,Washington,98115,West,OFF-BI-10001308,Office Supplies,Binders,GBC Standard Plastic Binding Systems' Combs,10.048,2,0.2,3.14,False
405,CA-2018-117933,12/24/2018 0:00,12/29/2018 0:00,Standard Class,RF-19840,Roy Französisch,Consumer,United States,New York City,New York,10024,East,OFF-AP-10004249,Office Supplies,Appliances,Staple holder,35.91,3,0.0,9.6957,False
7382,CA-2017-105732,9/13/2017 0:00,9/18/2017 0:00,Standard Class,AG-10270,Alejandro Grove,Consumer,United States,Omaha,Nebraska,68104,Central,TEC-PH-10001644,Technology,Phones,"BlueLounge Milo Smartphone Stand, White/Metallic",149.95,5,0.0,41.986,False
5052,CA-2016-134922,11/7/2016 0:00,11/11/2016 0:00,Standard Class,KB-16240,Karen Bern,Corporate,United States,Philadelphia,Pennsylvania,19140,East,OFF-EN-10000483,Office Supplies,Envelopes,"White Envelopes, White Envelopes with Clear Poly Window",24.4,2,0.2,7.93,False
9559,CA-2017-129280,5/3/2017 0:00,5/5/2017 0:00,First Class,SM-20905,Susan MacKendrick,Consumer,United States,Newark,Ohio,43055,East,TEC-AC-10003832,Technology,Accessories,Imation 16GB Mini TravelDrive USB 2.0 Flash Drive,132.52,5,0.2,34.7865,False
4754,US-2016-167220,12/12/2016 0:00,12/16/2016 0:00,Standard Class,JB-15925,Joni Blumstein,Consumer,United States,Austin,Texas,78745,Central,TEC-AC-10002018,Technology,Accessories,AmazonBasics 3-Button USB Wired Mouse,22.368,4,0.2,6.4308,False
4315,CA-2016-115945,6/25/2016 0:00,7/1/2016 0:00,Standard Class,AB-10165,Alan Barnes,Consumer,United States,Los Angeles,California,90045,West,OFF-AR-10004062,Office Supplies,Art,Staples in misc. colors,20.96,2,0.0,5.24,False
9348,CA-2018-109085,2/17/2018 0:00,2/20/2018 0:00,First Class,CK-12325,Christine Kargatis,Home Office,United States,Troy,Ohio,45373,East,FUR-CH-10003981,Furniture,Chairs,Global Commerce Series Low-Back Swivel/Tilt Chairs,899.43,5,0.3,-12.849,False
859,CA-2018-161984,4/10/2018 0:00,4/15/2018 0:00,Standard Class,SJ-20125,Sanjit Jacobs,Home Office,United States,New Brunswick,New Jersey,8901,East,OFF-PA-10004569,Office Supplies,Paper,"Wirebound Message Books, Two 4 1/4"" x 5"" Forms per Page",7.61,1,0.0,3.5767,False
3817,CA-2016-102582,9/15/2016 0:00,9/19/2016 0:00,Standard Class,NW-18400,Natalie Webber,Consumer,United States,Mobile,Alabama,36608,South,FUR-TA-10003569,Furniture,Tables,Bretford CR8500 Series Meeting Room Furniture,801.96,2,0.0,200.49,False
7123,CA-2018-166926,12/1/2018 0:00,12/8/2018 0:00,Standard Class,SO-20335,Sean O'Donnell,Consumer,United States,Seattle,Washington,98105,West,FUR-BO-10002598,Furniture,Bookcases,"Hon Metal Bookcases, Putty",141.96,2,0.0,41.1684,False
4865,CA-2018-163531,6/26/2018 0:00,6/30/2018 0:00,Standard Class,SC-20725,Steven Cartwright,Consumer,United States,New York City,New York,10024,East,TEC-PH-10001425,Technology,Phones,Mophie Juice Pack Helium for iPhone,239.97,3,0.0,67.1916,False
8677,CA-2018-163265,2/16/2018 0:00,2/21/2018 0:00,Standard Class,JS-16030,Joy Smith,Consumer,United States,Decatur,Illinois,62521,Central,FUR-FU-10004270,Furniture,Furnishings,"Executive Impressions 13"" Clairmont Wall Clock",7.692,1,0.6,-3.6537,False
5819,CA-2015-124730,11/26/2015 0:00,11/26/2015 0:00,Same Day,LS-17245,Lynn Smith,Consumer,United States,Utica,New York,13501,East,OFF-LA-10001158,Office Supplies,Labels,"Avery Address/Shipping Labels for Typewriters, 4"" x 2""",93.15,9,0.0,44.712,False
227,CA-2016-163055,8/9/2016 0:00,8/16/2016 0:00,Standard Class,DS-13180,David Smith,Corporate,United States,Detroit,Michigan,48227,Central,FUR-TA-10003748,Furniture,Tables,Bevis 36 x 72 Conference Tables,622.45,5,0.0,136.939,False
3781,CA-2015-149643,11/16/2015 0:00,11/20/2015 0:00,Standard Class,RH-19510,Rick Huthwaite,Home Office,United States,Manhattan,Kansas,66502,Central,TEC-PH-10000038,Technology,Phones,Jawbone MINI JAMBOX Wireless Bluetooth Speaker,273.96,2,0.0,10.9584,False
8868,CA-2015-120411,9/20/2015 0:00,9/23/2015 0:00,First Class,SB-20185,Sarah Brown,Consumer,United States,Chicago,Illinois,60653,Central,TEC-PH-10002185,Technology,Phones,QVS USB Car Charger 2-Port 2.1Amp for iPod/iPhone/iPad/iPad 2/iPad 3,11.12,2,0.2,3.475,False
1006,CA-2016-111199,11/13/2016 0:00,11/17/2016 0:00,Standard Class,JK-15730,Joe Kamberova,Consumer,United States,Jacksonville,North Carolina,28540,South,OFF-PA-10001790,Office Supplies,Paper,Xerox 1910,115.296,3,0.2,40.3536,False
6474,CA-2017-113292,3/18/2017 0:00,3/20/2017 0:00,Second Class,DB-13060,Dave Brooks,Consumer,United States,Columbia,Tennessee,38401,South,OFF-AP-10003590,Office Supplies,Appliances,Hoover WindTunnel Plus Canister Vacuum,871.8,3,0.2,87.18,False
5651,CA-2018-142342,7/17/2018 0:00,7/19/2018 0:00,Second Class,AJ-10795,Anthony Johnson,Corporate,United States,Apple Valley,California,92307,West,OFF-ST-10002957,Office Supplies,Storage,Sterilite Show Offs Storage Containers,10.56,2,0.0,0.0,False
7380,CA-2017-105732,9/13/2017 0:00,9/18/2017 0:00,Standard Class,AG-10270,Alejandro Grove,Consumer,United States,Omaha,Nebraska,68104,Central,OFF-ST-10000419,Office Supplies,Storage,"Rogers Jumbo File, Granite",40.74,3,0.0,0.4074,False
4180,US-2018-119039,3/6/2018 0:00,3/10/2018 0:00,Standard Class,BF-11170,Ben Ferrer,Home Office,United States,San Francisco,California,94109,West,OFF-BI-10004182,Office Supplies,Binders,Economy Binders,14.976,9,0.2,5.4288,False
2456,CA-2018-140949,3/17/2018 0:00,3/22/2018 0:00,Second Class,DB-13405,Denny Blanton,Consumer,United States,New York City,New York,10011,East,OFF-ST-10000344,Office Supplies,Storage,"Neat Ideas Personal Hanging Folder Files, Black",107.44,8,0.0,27.9344,False
337,CA-2016-137946,9/1/2016 0:00,9/4/2016 0:00,Second Class,DB-13615,Doug Bickford,Consumer,United States,Los Angeles,California,90045,West,OFF-BI-10004140,Office Supplies,Binders,Avery Non-Stick Binders,14.368,4,0.2,4.49,False
3118,CA-2017-150350,8/23/2017 0:00,8/30/2017 0:00,Standard Class,MS-17770,Maxwell Schwartz,Consumer,United States,Seattle,Washington,98105,West,OFF-SU-10002189,Office Supplies,Supplies,Acme Rosewood Handle Letter Opener,15.88,4,0.0,0.1588,False
3678,CA-2016-132626,7/9/2016 0:00,7/14/2016 0:00,Standard Class,BT-11680,Brian Thompson,Consumer,United States,Clinton,Maryland,20735,East,OFF-FA-10002763,Office Supplies,Fasteners,Advantus Map Pennant Flags and Round Head Tacks,15.8,4,0.0,5.056,False
2032,CA-2016-117961,11/26/2016 0:00,11/30/2016 0:00,Standard Class,GP-14740,Guy Phonely,Corporate,United States,Leominster,Massachusetts,1453,East,OFF-PA-10001274,Office Supplies,Paper,Loose Memo Sheets,10.95,3,0.0,5.1465,False
9655,CA-2018-161893,1/23/2018 0:00,1/27/2018 0:00,Standard Class,HP-14815,Harold Pawlan,Home Office,United States,Tucson,Arizona,85705,West,OFF-BI-10004506,Office Supplies,Binders,Wilson Jones data.warehouse D-Ring Binders with DublLock,4.938,2,0.7,-3.6212,False
1453,CA-2017-133711,11/26/2017 0:00,11/29/2017 0:00,First Class,MC-17425,Mark Cousins,Corporate,United States,Mobile,Alabama,36608,South,OFF-BI-10000666,Office Supplies,Binders,Surelock Post Binders,91.68,3,0.0,45.84,False
998,CA-2016-162537,10/28/2016 0:00,11/3/2016 0:00,Standard Class,RD-19585,Rob Dowd,Consumer,United States,Henderson,Kentucky,42420,South,OFF-ST-10004258,Office Supplies,Storage,Portable Personal File Box,36.63,3,0.0,9.8901,False
422,CA-2015-142048,6/22/2015 0:00,6/25/2015 0:00,First Class,JE-15745,Joel Eaton,Consumer,United States,Louisville,Colorado,80027,West,TEC-AC-10004114,Technology,Accessories,KeyTronic 6101 Series - Keyboard - Black,196.752,6,0.2,56.5662,False
9776,CA-2015-169019,7/26/2015 0:00,7/30/2015 0:00,Standard Class,LF-17185,Luke Foster,Consumer,United States,San Antonio,Texas,78207,Central,FUR-FU-10004666,Furniture,Furnishings,DAX Clear Channel Poster Frame,17.496,3,0.6,-10.0602,False
7567,CA-2018-140802,4/21/2018 0:00,4/23/2018 0:00,First Class,KN-16390,Katherine Nockton,Corporate,United States,Houston,Texas,77070,Central,TEC-AC-10001998,Technology,Accessories,Logitech LS21 Speaker System - PC Multimedia - 2.1-CH - Wired,47.976,3,0.2,8.3958,False
3014,CA-2018-134845,4/17/2018 0:00,4/23/2018 0:00,Standard Class,SR-20425,Sharelle Roach,Home Office,United States,Louisville,Colorado,80027,West,OFF-BI-10003355,Office Supplies,Binders,Cardinal Holdit Business Card Pockets,8.964,6,0.7,-6.5736,False
6993,CA-2016-109386,11/8/2016 0:00,11/13/2016 0:00,Second Class,RH-19600,Rob Haberlin,Consumer,United States,Hampton,Virginia,23666,South,FUR-FU-10000308,Furniture,Furnishings,Deflect-o Glass Clear Studded Chair Mats,186.54,3,0.0,41.0388,False
4244,CA-2017-159142,4/4/2017 0:00,4/5/2017 0:00,First Class,ME-17320,Maria Etezadi,Home Office,United States,Springfield,Virginia,22153,South,OFF-PA-10001776,Office Supplies,Paper,"Wirebound Message Books, Four 2 3/4"" x 5"" Forms per Page, 600 Sets per Book",27.81,3,0.0,13.0707,False
8134,CA-2016-131352,10/8/2016 0:00,10/13/2016 0:00,Standard Class,GH-14485,Gene Hale,Corporate,United States,Dallas,Texas,75081,Central,FUR-FU-10003708,Furniture,Furnishings,"Tenex Traditional Chairmats for Medium Pile Carpet, Standard Lip, 36"" x 48""",72.78,3,0.6,-70.9605,False
4778,CA-2017-101630,2/19/2017 0:00,2/23/2017 0:00,Second Class,CK-12760,Cyma Kinney,Corporate,United States,Long Beach,New York,11561,East,OFF-SU-10001664,Office Supplies,Supplies,Acme Office Executive Series Stainless Steel Trimmers,25.71,3,0.0,6.6846,False
3731,CA-2016-109575,9/18/2016 0:00,9/23/2016 0:00,Standard Class,KH-16630,Ken Heidel,Corporate,United States,Clinton,Maryland,20735,East,OFF-ST-10004123,Office Supplies,Storage,Safco Industrial Wire Shelving System,636.86,7,0.0,0.0,False
8206,CA-2016-114811,11/8/2016 0:00,11/8/2016 0:00,Same Day,KD-16495,Keith Dawkins,Corporate,United States,New York City,New York,10024,East,FUR-CH-10003746,Furniture,Chairs,Hon 4070 Series Pagoda Round Back Stacking Chairs,577.764,2,0.1,115.5528,False
8582,CA-2015-130673,5/20/2015 0:00,5/22/2015 0:00,Second Class,MC-17590,Matt Collister,Corporate,United States,San Marcos,Texas,78666,Central,OFF-PA-10000289,Office Supplies,Paper,Xerox 213,10.368,2,0.2,3.6288,False
6416,CA-2018-144750,8/21/2018 0:00,8/21/2018 0:00,Same Day,DL-13495,Dionis Lloyd,Corporate,United States,Chandler,Arizona,85224,West,OFF-PA-10003395,Office Supplies,Paper,Xerox 1941,83.88,1,0.2,29.358,False
7610,CA-2018-163209,5/3/2018 0:00,5/7/2018 0:00,Standard Class,MK-18160,Mike Kennedy,Consumer,United States,San Francisco,California,94122,West,OFF-AR-10003651,Office Supplies,Art,Newell 350,22.96,7,0.0,6.6584,False
3928,CA-2015-103940,9/17/2015 0:00,9/21/2015 0:00,Standard Class,BN-11515,Bradley Nguyen,Consumer,United States,Seattle,Washington,98103,West,OFF-BI-10002735,Office Supplies,Binders,GBC Prestige Therm-A-Bind Covers,137.24,5,0.2,46.3185,False
4587,US-2018-163790,11/2/2018 0:00,11/4/2018 0:00,Second Class,NL-18310,Nancy Lomonaco,Home Office,United States,Danville,California,94526,West,OFF-BI-10003718,Office Supplies,Binders,GBC Therma-A-Bind 250T Electric Binding System,590.352,6,0.2,206.6232,False
6673,CA-2016-153794,9/11/2016 0:00,9/16/2016 0:00,Standard Class,SB-20290,Sean Braxton,Corporate,United States,San Diego,California,92024,West,OFF-AR-10000380,Office Supplies,Art,"Hunt PowerHouse Electric Pencil Sharpener, Blue",265.86,7,0.0,79.758,False
3437,US-2016-100531,9/27/2016 0:00,9/29/2016 0:00,First Class,NM-18520,Neoma Murray,Consumer,United States,Chicago,Illinois,60610,Central,FUR-FU-10003849,Furniture,Furnishings,"DAX Metal Frame, Desktop, Stepped-Edge",24.288,3,0.6,-12.7512,False
4787,CA-2016-104346,12/11/2016 0:00,12/16/2016 0:00,Standard Class,IM-15070,Irene Maddox,Consumer,United States,Colorado Springs,Colorado,80906,West,OFF-AR-10001545,Office Supplies,Art,Newell 326,4.224,3,0.2,0.4752,False
9226,CA-2018-121160,11/4/2018 0:00,11/4/2018 0:00,Same Day,FM-14290,Frank Merwin,Home Office,United States,Bryan,Texas,77803,Central,OFF-BI-10004040,Office Supplies,Binders,Wilson Jones Impact Binders,4.144,4,0.8,-6.4232,False
5916,US-2016-126977,9/17/2016 0:00,9/23/2016 0:00,Standard Class,PF-19120,Peter Fuller,Consumer,United States,New York City,New York,10035,East,FUR-CH-10001973,Furniture,Chairs,Office Star Flex Back Scooter Chair with White Frame,199.764,2,0.1,8.8784,False
3948,CA-2017-119963,11/18/2017 0:00,11/22/2017 0:00,Standard Class,SN-20710,Steve Nguyen,Home Office,United States,Pasadena,Texas,77506,Central,OFF-AR-10003514,Office Supplies,Art,4009 Highlighters by Sanford,6.368,2,0.2,1.0348,False
986,CA-2018-100314,9/29/2018 0:00,10/5/2018 0:00,Standard Class,AS-10630,Ann Steele,Home Office,United States,Pasadena,Texas,77506,Central,OFF-EN-10000461,Office Supplies,Envelopes,"#10- 4 1/8"" x 9 1/2"" Recycled Envelopes",27.968,4,0.2,9.4392,False
5149,CA-2018-128734,12/24/2018 0:00,12/31/2018 0:00,Standard Class,JL-15175,James Lanier,Home Office,United States,Chandler,Arizona,85224,West,FUR-CH-10001394,Furniture,Chairs,Global Leather Executive Chair,842.376,3,0.2,105.297,False
8662,CA-2016-131856,5/12/2016 0:00,5/17/2016 0:00,Standard Class,JG-15160,James Galang,Consumer,United States,Houston,Texas,77041,Central,FUR-FU-10000175,Furniture,Furnishings,DAX Wood Document Frame.,21.968,4,0.6,-15.9268,False
2118,CA-2017-130267,9/19/2017 0:00,9/23/2017 0:00,Standard Class,SW-20245,Scot Wooten,Consumer,United States,Stockton,California,95207,West,OFF-PA-10002222,Office Supplies,Paper,"Xerox Color Copier Paper, 11"" x 17"", Ream",159.88,7,0.0,73.5448,False
3631,CA-2018-155957,11/26/2018 0:00,11/30/2018 0:00,Standard Class,CC-12610,Corey Catlett,Corporate,United States,Columbus,Ohio,43229,East,OFF-AP-10004708,Office Supplies,Appliances,Fellowes Superior 10 Outlet Split Surge Protector,213.136,7,0.2,23.9778,False
3846,CA-2015-101931,10/28/2015 0:00,10/31/2015 0:00,First Class,TS-21370,Todd Sumrall,Corporate,United States,Los Angeles,California,90049,West,FUR-BO-10001337,Furniture,Bookcases,O'Sullivan Living Dimensions 2-Shelf Bookcases,616.998,6,0.15,-36.294,False
4641,CA-2017-102162,9/11/2017 0:00,9/16/2017 0:00,Standard Class,JF-15565,Jill Fjeld,Consumer,United States,Newport News,Virginia,23602,South,OFF-EN-10002312,Office Supplies,Envelopes,#10 Self-Seal White Envelopes,11.09,1,0.0,5.4341,False
8726,CA-2018-148145,3/18/2018 0:00,3/23/2018 0:00,Standard Class,SW-20275,Scott Williamson,Consumer,United States,Seattle,Washington,98115,West,OFF-AR-10003752,Office Supplies,Art,Deluxe Chalkboard Eraser Cleaner,46.2,4,0.0,21.252,False
2708,CA-2018-155873,6/16/2018 0:00,6/21/2018 0:00,Standard Class,AB-10255,Alejandro Ballentine,Home Office,United States,Carlsbad,New Mexico,88220,West,OFF-PA-10001815,Office Supplies,Paper,Xerox 1885,192.16,4,0.0,92.2368,False
7966,CA-2018-104864,11/18/2018 0:00,11/23/2018 0:00,Second Class,JS-15685,Jim Sink,Corporate,United States,Miramar,Florida,33023,South,OFF-PA-10003309,Office Supplies,Paper,Xerox 211,41.472,8,0.2,14.5152,False
7075,CA-2017-112256,7/23/2017 0:00,7/28/2017 0:00,Standard Class,CK-12205,Chloris Kastensmidt,Consumer,United States,Mcallen,Texas,78501,Central,OFF-BI-10004364,Office Supplies,Binders,Storex Dura Pro Binders,4.752,4,0.8,-8.316,False
7229,CA-2015-157546,7/20/2015 0:00,7/22/2015 0:00,First Class,RD-19720,Roger Demir,Consumer,United States,San Francisco,California,94122,West,OFF-BI-10002498,Office Supplies,Binders,Clear Mylar Reinforcing Strips,89.712,6,0.2,30.2778,False
5326,CA-2016-119508,12/4/2016 0:00,12/9/2016 0:00,Standard Class,TZ-21580,Tracy Zic,Consumer,United States,Lakewood,California,90712,West,FUR-FU-10004270,Furniture,Furnishings,"Eldon Image Series Desk Accessories, Burgundy",25.08,6,0.0,9.0288,False
5241,CA-2017-116561,9/11/2017 0:00,9/17/2017 0:00,Standard Class,EB-14110,Eugene Barchas,Consumer,United States,San Jose,California,95123,West,OFF-BI-10001658,Office Supplies,Binders,GBC Standard Therm-A-Bind Covers,39.872,2,0.2,12.9584,False
7951,CA-2015-131009,3/1/2015 0:00,3/5/2015 0:00,Standard Class,SC-20380,Shahid Collister,Consumer,United States,El Paso,Texas,79907,Central,OFF-ST-10001469,Office Supplies,Storage,Fellowes Bankers Box Recycled Super Stor/Drawer,129.552,3,0.2,-22.6716,False
5127,CA-2015-160766,9/14/2015 0:00,9/14/2015 0:00,Same Day,DM-13015,Darrin Martin,Consumer,United States,New York City,New York,10009,East,TEC-MA-10003979,Technology,Machines,Ativa V4110MDD Micro-Cut Shredder,2799.96,4,0.0,1371.9804,False
7677,CA-2015-142951,10/8/2015 0:00,10/8/2015 0:00,Same Day,JG-15115,Jack Garza,Consumer,United States,Charlotte,North Carolina,28205,South,TEC-AC-10002331,Technology,Accessories,"Maxell 74 Minute CDR, 10/Pack",23.472,3,0.2,4.9878,False
5521,CA-2018-117667,12/4/2018 0:00,12/9/2018 0:00,Standard Class,MS-17980,Michael Stewart,Corporate,United States,Philadelphia,Pennsylvania,19134,East,OFF-PA-10002709,Office Supplies,Paper,Xerox 1956,23.92,5,0.2,8.671,False
3572,CA-2018-168109,7/3/2018 0:00,7/3/2018 0:00,Same Day,JK-15640,Jim Kriz,Home Office,United States,Seattle,Washington,98105,West,TEC-PH-10000702,Technology,Phones,"Square Credit Card Reader, 4 1/2"" x 4 1/2"" x 1"", White",7.992,1,0.2,2.6973,False
378,US-2018-134481,8/27/2018 0:00,9/1/2018 0:00,Standard Class,AR-10405,Allen Rosenblatt,Corporate,United States,Franklin,Massachusetts,2038,East,FUR-TA-10004915,Furniture,Tables,"Office Impressions End Table, 20-1/2""H x 24""W x 20""D",1488.424,7,0.3,-297.6848,False
1065,CA-2016-161263,4/16/2016 0:00,4/21/2016 0:00,Standard Class,TS-21160,Theresa Swint,Corporate,United States,Toledo,Ohio,43615,East,TEC-PH-10002115,Technology,Phones,Plantronics 81402,118.782,3,0.4,-27.7158,False
7733,CA-2018-143294,6/2/2018 0:00,6/8/2018 0:00,Standard Class,JD-15790,John Dryer,Consumer,United States,Houston,Texas,77070,Central,OFF-PA-10000743,Office Supplies,Paper,Xerox 1977,10.688,2,0.2,3.7408,False
3395,US-2018-131583,6/10/2018 0:00,6/10/2018 0:00,Same Day,CL-11890,Carl Ludwig,Consumer,United States,Philadelphia,Pennsylvania,19143,East,OFF-PA-10000380,Office Supplies,Paper,"REDIFORM Incoming/Outgoing Call Register, 11"" X 8 1/2"", 100 Messages",40.032,6,0.2,15.012,False
94,CA-2016-149587,1/31/2016 0:00,2/5/2016 0:00,Second Class,KB-16315,Karl Braun,Consumer,United States,Minneapolis,Minnesota,55407,Central,FUR-FU-10003799,Furniture,Furnishings,"Seth Thomas 13 1/2"" Wall Clock",53.34,3,0.0,16.5354,False
2008,CA-2018-165386,8/3/2018 0:00,8/4/2018 0:00,First Class,CM-12190,Charlotte Melton,Consumer,United States,Chicago,Illinois,60623,Central,FUR-BO-10003034,Furniture,Bookcases,"O'Sullivan Elevations Bookcase, Cherry Finish",183.372,2,0.3,-36.6744,False
8908,CA-2017-139934,12/18/2017 0:00,12/20/2017 0:00,First Class,AY-10555,Andy Yotov,Corporate,United States,San Francisco,California,94110,West,TEC-PH-10001552,Technology,Phones,I Need's 3d Hello Kitty Hybrid Silicone Case Cover for HTC One X 4g with 3d Hello Kitty Stylus Pen Green/pink,66.976,7,0.2,6.6976,False
5998,CA-2017-162187,12/11/2017 0:00,12/11/2017 0:00,Same Day,NS-18640,Noel Staavos,Corporate,United States,Columbus,Ohio,43229,East,FUR-TA-10003008,Furniture,Tables,"Lesro Round Back Collection Coffee Table, End Table",328.59,3,0.4,-147.8655,False
918,US-2015-141215,6/15/2015 0:00,6/21/2015 0:00,Standard Class,KL-16555,Kelly Lampkin,Corporate,United States,San Antonio,Texas,78207,Central,OFF-BI-10002706,Office Supplies,Binders,Avery Premier Heavy-Duty Binder with Round Locking Rings,8.568,3,0.8,-14.5656,False
699,CA-2016-119291,5/14/2016 0:00,5/17/2016 0:00,First Class,JO-15550,Jesus Ocampo,Home Office,United States,Chester,Pennsylvania,19013,East,OFF-AR-10001118,Office Supplies,Art,"Binney & Smith Crayola Metallic Crayons, 16-Color Pack",2.696,1,0.2,0.8088,False
169,CA-2015-139892,9/8/2015 0:00,9/12/2015 0:00,Standard Class,BM-11140,Becky Martin,Consumer,United States,San Antonio,Texas,78207,Central,OFF-AR-10002656,Office Supplies,Art,Sanford Liquid Accent Highlighters,32.064,6,0.2,6.8136,False
2639,CA-2018-108441,6/12/2018 0:00,6/18/2018 0:00,Standard Class,SB-20170,Sarah Bern,Consumer,United States,New York City,New York,10035,East,OFF-BI-10000848,Office Supplies,Binders,Angle-D Ring Binders,13.128,3,0.2,4.2666,False
5616,CA-2017-158001,8/23/2017 0:00,8/27/2017 0:00,Standard Class,JP-15460,Jennifer Patt,Corporate,United States,New York City,New York,10035,East,OFF-AP-10002118,Office Supplies,Appliances,"1.7 Cubic Foot Compact ""Cube"" Office Refrigerators",1040.8,5,0.0,281.016,False
4585,US-2018-163790,11/2/2018 0:00,11/4/2018 0:00,Second Class,NL-18310,Nancy Lomonaco,Home Office,United States,Danville,California,94526,West,OFF-EN-10001335,Office Supplies,Envelopes,"White Business Envelopes with Contemporary Seam, Recycled White Business Envelopes",76.58,7,0.0,38.29,False
1288,CA-2017-154711,11/22/2017 0:00,11/26/2017 0:00,Standard Class,TB-21355,Todd Boyes,Corporate,United States,New York City,New York,10009,East,FUR-FU-10000397,Furniture,Furnishings,Luxo Economy Swing Arm Lamp,39.88,2,0.0,11.1664,False
6178,CA-2016-158421,9/21/2016 0:00,9/26/2016 0:00,Standard Class,GB-14575,Giulietta Baptist,Consumer,United States,Columbia,South Carolina,29203,South,OFF-EN-10001453,Office Supplies,Envelopes,"Tyvek Interoffice Envelopes, 9 1/2"" x 12 1/2"", 100/Box",121.96,2,0.0,57.3212,False
8713,US-2016-145422,12/3/2016 0:00,12/7/2016 0:00,Standard Class,PW-19240,Pierre Wener,Consumer,United States,San Francisco,California,94110,West,FUR-BO-10002213,Furniture,Bookcases,"Sauder Forest Hills Library, Woodland Oak Finish",359.499,3,0.15,-29.6058,False
5141,CA-2016-154886,11/8/2016 0:00,11/12/2016 0:00,Standard Class,SW-20455,Shaun Weien,Consumer,United States,San Francisco,California,94109,West,TEC-AC-10001956,Technology,Accessories,Microsoft Arc Touch Mouse,119.9,2,0.0,43.164,False
2087,CA-2017-140501,6/23/2017 0:00,6/28/2017 0:00,Standard Class,IM-15070,Irene Maddox,Consumer,United States,New York City,New York,10009,East,OFF-ST-10000060,Office Supplies,Storage,Fellowes Bankers Box Staxonsteel Drawer File/Stacking System,324.9,5,0.0,38.988,False
2363,CA-2018-136497,4/16/2018 0:00,4/20/2018 0:00,Standard Class,RF-19840,Roy Französisch,Consumer,United States,Columbus,Ohio,43229,East,OFF-BI-10001553,Office Supplies,Binders,SpineVue Locking Slant-D Ring Binders by Cardinal,13.71,5,0.7,-10.054,False
1759,CA-2015-139017,5/11/2015 0:00,5/17/2015 0:00,Standard Class,RM-19375,Raymond Messe,Consumer,United States,Houston,Texas,77095,Central,TEC-AC-10001013,Technology,Accessories,Logitech ClearChat Comfort/USB Headset H390,46.864,2,0.2,7.6154,False
8381,CA-2015-103527,9/9/2015 0:00,9/14/2015 0:00,Second Class,CC-12220,Chris Cortes,Consumer,United States,Chicago,Illinois,60653,Central,OFF-PA-10001622,Office Supplies,Paper,"Ampad Poly Cover Wirebound Steno Book, 6"" x 9"" Assorted Colors, Gregg Ruled",10.896,3,0.2,3.405,False
6761,CA-2018-100636,6/26/2018 0:00,6/30/2018 0:00,Standard Class,DO-13435,Denny Ordway,Consumer,United States,New York City,New York,10035,East,OFF-ST-10004123,Office Supplies,Storage,Safco Industrial Wire Shelving System,272.94,3,0.0,0.0,False
9726,CA-2018-142293,9/17/2018 0:00,9/20/2018 0:00,First Class,SC-20380,Shahid Collister,Consumer,United States,Boise,Idaho,83704,West,TEC-AC-10001109,Technology,Accessories,Logitech Trackman Marble Mouse,89.97,3,0.0,37.7874,False
3926,CA-2015-103940,9/17/2015 0:00,9/21/2015 0:00,Standard Class,BN-11515,Bradley Nguyen,Consumer,United States,Seattle,Washington,98103,West,OFF-ST-10000943,Office Supplies,Storage,Eldon ProFile File 'N Store Portable File Tub Letter/Legal Size Black,57.93,3,0.0,16.2204,False
4982,US-2017-131114,12/9/2017 0:00,12/13/2017 0:00,Second Class,RW-19630,Rob Williams,Corporate,United States,Chicago,Illinois,60610,Central,TEC-AC-10000199,Technology,Accessories,Kingston Digital DataTraveler 8GB USB 2.0,19.04,4,0.2,-1.428,False
2137,CA-2016-156377,12/31/2016 0:00,1/5/2017 0:00,Standard Class,TB-21625,Trudy Brown,Consumer,United States,Grand Prairie,Texas,75051,Central,FUR-FU-10002364,Furniture,Furnishings,"Eldon Expressions Wood Desk Accessories, Oak",14.76,5,0.6,-11.439,False
1446,CA-2018-102337,6/13/2018 0:00,6/16/2018 0:00,First Class,SD-20485,Shirley Daniels,Home Office,United States,Chicago,Illinois,60653,Central,OFF-ST-10004804,Office Supplies,Storage,"Belkin 19"" Vented Equipment Shelf, Black",164.736,4,0.2,-39.1248,False
1937,CA-2016-141768,5/25/2016 0:00,5/27/2016 0:00,Second Class,NP-18685,Nora Pelletier,Home Office,United States,San Francisco,California,94109,West,FUR-FU-10002268,Furniture,Furnishings,Ultra Door Push Plate,14.73,3,0.0,4.8609,False
944,CA-2016-120880,5/29/2016 0:00,6/3/2016 0:00,Standard Class,JL-15850,John Lucas,Consumer,United States,Seattle,Washington,98105,West,OFF-PA-10004101,Office Supplies,Paper,Xerox 1894,32.4,5,0.0,15.552,False
9104,CA-2016-163181,11/7/2016 0:00,11/12/2016 0:00,Standard Class,AB-10105,Adrian Barton,Consumer,United States,Houston,Texas,77041,Central,FUR-FU-10000193,Furniture,Furnishings,Tenex Chairmats For Use with Hard Floors,64.96,5,0.6,-84.448,False
5287,CA-2018-105991,5/5/2018 0:00,5/6/2018 0:00,First Class,LH-17020,Lisa Hazard,Consumer,United States,Louisville,Colorado,80027,West,OFF-BI-10003274,Office Supplies,Binders,"Avery Durable Slant Ring Binders, No Labels",9.552,8,0.7,-7.3232,False
1331,CA-2018-127705,6/2/2018 0:00,6/6/2018 0:00,Standard Class,AB-10255,Alejandro Ballentine,Home Office,United States,Lorain,Ohio,44052,East,TEC-PH-10000347,Technology,Phones,Cush Cases Heavy Duty Rugged Cover Case for Samsung Galaxy S5 - Purple,2.97,1,0.4,-0.6435,False
3119,CA-2016-121720,6/11/2016 0:00,6/12/2016 0:00,First Class,JE-15610,Jim Epp,Corporate,United States,Lakeland,Florida,33801,South,FUR-CH-10003312,Furniture,Chairs,Hon 2090 “Pillow Soft” Series Mid Back Swivel/Tilt Chairs,1123.92,5,0.2,-182.637,False
4848,CA-2015-164469,6/25/2015 0:00,6/27/2015 0:00,Second Class,GK-14620,Grace Kelly,Corporate,United States,Salem,Oregon,97301,West,OFF-AR-10003478,Office Supplies,Art,"Avery Hi-Liter EverBold Pen Style Fluorescent Highlighters, 4/Pack",71.632,11,0.2,17.908,False
2732,CA-2018-104801,2/13/2018 0:00,2/19/2018 0:00,Standard Class,FH-14350,Fred Harton,Consumer,United States,Seattle,Washington,98105,West,FUR-FU-10004017,Furniture,Furnishings,"Tenex Contemporary Contur Chairmats for Low and Medium Pile Carpet, Computer, 39"" x 49""",107.53,1,0.0,21.506,False
7589,CA-2018-122945,11/16/2018 0:00,11/22/2018 0:00,Standard Class,MB-18085,Mick Brown,Consumer,United States,Roseville,California,95661,West,FUR-FU-10001196,Furniture,Furnishings,DAX Cubicle Frames - 8x10,17.31,3,0.0,5.193,False
853,CA-2017-113747,5/28/2017 0:00,6/4/2017 0:00,Standard Class,VD-21670,Valerie Dominguez,Consumer,United States,Jackson,Mississippi,39212,South,OFF-AR-10003373,Office Supplies,Art,"Boston School Pro Electric Pencil Sharpener, 1670",185.88,6,0.0,50.1876,False
88,CA-2018-155558,10/26/2018 0:00,11/2/2018 0:00,Standard Class,PG-18895,Paul Gonzalez,Consumer,United States,Rochester,Minnesota,55901,Central,OFF-LA-10000134,Office Supplies,Labels,Avery 511,6.16,2,0.0,2.9568,False
7212,US-2017-119046,6/2/2017 0:00,6/6/2017 0:00,Standard Class,EH-13765,Edward Hooks,Corporate,United States,Seattle,Washington,98115,West,OFF-BI-10001078,Office Supplies,Binders,"Acco PRESSTEX Data Binder with Storage Hooks, Dark Blue, 14 7/8"" X 11""",51.648,12,0.2,18.7224,False
1106,US-2017-110156,11/19/2017 0:00,11/24/2017 0:00,Standard Class,EH-13945,Eric Hoffmann,Consumer,United States,Houston,Texas,77041,Central,OFF-ST-10000642,Office Supplies,Storage,"Tennsco Lockers, Gray",100.704,6,0.2,-16.3644,False
8988,CA-2016-123092,12/3/2016 0:00,12/7/2016 0:00,Standard Class,JG-15115,Jack Garza,Consumer,United States,Jacksonville,North Carolina,28540,South,TEC-PH-10001700,Technology,Phones,Panasonic KX-TG6844B Expandable Digital Cordless Telephone,105.584,2,0.2,9.2386,False
968,CA-2018-135279,4/9/2018 0:00,4/11/2018 0:00,First Class,BS-11800,Bryan Spruell,Home Office,United States,New York City,New York,10011,East,OFF-PA-10001281,Office Supplies,Paper,Computer Printout Paper with Letter-Trim Fine Perforations,191.6,4,0.0,91.968,False
9630,CA-2015-118192,1/13/2015 0:00,1/18/2015 0:00,Standard Class,MM-17920,Michael Moore,Consumer,United States,Newark,Ohio,43055,East,OFF-BI-10003476,Office Supplies,Binders,Avery Metallic Poly Binders,3.438,2,0.7,-2.5212,False
4940,CA-2015-157147,1/13/2015 0:00,1/18/2015 0:00,Standard Class,BD-11605,Brian Dahlen,Consumer,United States,San Francisco,California,94109,West,OFF-AR-10003514,Office Supplies,Art,4009 Highlighters by Sanford,19.9,5,0.0,6.567,False
915,CA-2018-102519,11/27/2018 0:00,11/29/2018 0:00,First Class,BM-11650,Brian Moss,Corporate,United States,Milwaukee,Wisconsin,53209,Central,TEC-AC-10001772,Technology,Accessories,Memorex Mini Travel Drive 16 GB USB 2.0 Flash Drive,143.73,9,0.0,56.0547,False
5777,CA-2017-105277,12/4/2017 0:00,12/8/2017 0:00,Standard Class,LM-17065,Liz MacKendrick,Consumer,United States,Auburn,New York,13021,East,OFF-BI-10000301,Office Supplies,Binders,GBC Instant Report Kit,15.528,3,0.2,5.823,False
2108,CA-2016-164882,10/31/2016 0:00,10/31/2016 0:00,Same Day,SG-20080,Sandra Glassco,Consumer,United States,Redlands,California,92374,West,OFF-PA-10000157,Office Supplies,Paper,Xerox 191,19.98,1,0.0,9.3906,False
6253,CA-2015-165806,4/7/2015 0:00,4/7/2015 0:00,Same Day,VM-21685,Valerie Mitchum,Home Office,United States,Marietta,Georgia,30062,South,OFF-PA-10003441,Office Supplies,Paper,Xerox 226,58.32,9,0.0,27.9936,False
1128,CA-2016-105970,3/2/2016 0:00,3/7/2016 0:00,Standard Class,PA-19060,Pete Armstrong,Home Office,United States,Richmond,Indiana,47374,Central,OFF-AR-10003156,Office Supplies,Art,50 Colored Long Pencils,10.16,1,0.0,2.6416,False
5112,CA-2015-138450,10/18/2015 0:00,10/22/2015 0:00,Standard Class,EH-13765,Edward Hooks,Corporate,United States,Philadelphia,Pennsylvania,19134,East,OFF-PA-10003016,Office Supplies,Paper,"Adams ""While You Were Out"" Message Pads",10.048,4,0.2,3.14,False
3098,CA-2018-135692,4/27/2018 0:00,5/1/2018 0:00,Standard Class,CV-12805,Cynthia Voltz,Corporate,United States,Fort Worth,Texas,76106,Central,OFF-LA-10001158,Office Supplies,Labels,"Avery Address/Shipping Labels for Typewriters, 4"" x 2""",33.12,4,0.2,11.592,False
4745,CA-2018-168123,3/5/2018 0:00,3/5/2018 0:00,Same Day,JD-16060,Julia Dunbar,Consumer,United States,Rochester,Minnesota,55901,Central,OFF-ST-10000877,Office Supplies,Storage,Recycled Steel Personal File for Standard File Folders,221.16,4,0.0,57.5016,False
